datetime,bid,ask,spread
2018:09:02:21:06:44:922,813482,813412,70
2018:09:02:21:06:45:071,813491,813443,48
2018:09:02:21:06:45:934,813470,813439,31
2018:09:02:21:06:46:193,813475,813463,12
2018:09:02:21:06:46:353,813475,813458,17
2018:09:02:21:06:46:464,813475,813458,17
2018:09:02:21:06:46:600,813475,813466,9
2018:09:02:21:06:46:800,813475,813464,11
2018:09:02:21:06:46:961,813479,813475,4
2018:09:02:21:06:47:140,813518,813475,43
2018:09:02:21:06:47:371,813518,813477,41
2018:09:02:21:06:47:607,813508,813480,28
2018:09:02:21:06:47:872,813508,813480,28
2018:09:02:21:06:48:180,813495,813476,19
2018:09:02:21:06:48:327,813495,813476,19
2018:09:02:21:06:48:487,813495,813476,19
2018:09:02:21:06:48:636,813508,813476,32
2018:09:02:21:06:48:819,813505,813450,55
2018:09:02:21:06:49:034,813490,813454,36
2018:09:02:21:06:49:916,813507,813477,30
2018:09:02:21:06:50:060,813556,813555,1
2018:09:02:21:06:50:179,813556,813555,1
2018:09:02:21:06:50:307,813556,813555,1
2018:09:02:21:06:50:426,813556,813555,1
2018:09:02:21:06:50:537,813556,813555,1
2018:09:02:21:06:50:659,813556,813555,1
2018:09:02:21:06:50:891,813556,813555,1
2018:09:02:21:06:51:276,813566,813555,11
2018:09:02:21:06:52:518,813549,813540,9
2018:09:02:21:06:52:853,813544,813508,36
2018:09:02:21:06:53:010,813544,813508,36
2018:09:02:21:06:53:136,813544,813508,36
2018:09:02:21:06:53:259,813544,813508,36
2018:09:02:21:06:53:411,813545,813511,34
2018:09:02:21:06:53:805,813528,813525,3
2018:09:02:21:06:54:122,813528,813525,3
2018:09:02:21:06:54:315,813528,813434,94
2018:09:02:21:06:54:562,813527,813522,5
2018:09:02:21:06:54:727,813527,813522,5
2018:09:02:21:06:54:864,813527,813522,5
2018:09:02:21:06:55:045,813527,813522,5
2018:09:02:21:06:55:222,813527,813522,5
2018:09:02:21:06:55:347,813508,813350,158
2018:09:02:21:06:55:782,813508,813350,158
2018:09:02:21:06:56:305,813401,813382,19
2018:09:02:21:06:56:479,813498,813374,124
2018:09:02:21:06:56:603,813498,813334,164
2018:09:02:21:06:56:697,813498,813334,164
2018:09:02:21:06:57:196,813498,813374,124
2018:09:02:21:06:57:316,813399,813385,14
2018:09:02:21:06:57:443,813399,813385,14
2018:09:02:21:06:57:822,813399,813385,14
2018:09:02:21:06:57:949,813380,813367,13
2018:09:02:21:06:58:074,813400,813399,1
2018:09:02:21:06:58:619,813370,813335,35
2018:09:02:21:06:58:734,813370,813335,35
2018:09:02:21:06:58:869,813370,813335,35
2018:09:02:21:06:59:022,813370,813335,35
2018:09:02:21:06:59:165,813365,813338,27
2018:09:02:21:06:59:505,813365,813338,27
2018:09:02:21:07:00:204,813365,813208,157
2018:09:02:21:07:01:182,813365,813208,157
2018:09:02:21:07:01:371,813260,813230,30
2018:09:02:21:07:01:493,813260,813230,30
2018:09:02:21:07:01:634,813200,813188,12
2018:09:02:21:07:01:760,813200,813188,12
2018:09:02:21:07:01:868,813200,813188,12
2018:09:02:21:07:01:977,813200,813188,12
2018:09:02:21:07:02:091,813200,813188,12
2018:09:02:21:07:02:218,813250,813207,43
2018:09:02:21:07:02:326,813250,813207,43
2018:09:02:21:07:02:451,813200,813155,45
2018:09:02:21:07:02:557,813200,813155,45
2018:09:02:21:07:02:839,813200,813155,45
2018:09:02:21:07:02:952,813199,813150,49
2018:09:02:21:07:03:080,813190,813150,40
2018:09:02:21:07:03:203,813190,813150,40
2018:09:02:21:07:03:330,813190,813138,52
2018:09:02:21:07:03:459,813190,813138,52
2018:09:02:21:07:03:580,813190,813138,52
2018:09:02:21:07:03:767,813190,813119,71
2018:09:02:21:07:03:949,813179,813148,31
2018:09:02:21:07:04:061,813179,813119,60
2018:09:02:21:07:04:195,813179,813119,60
2018:09:02:21:07:04:312,813179,813119,60
2018:09:02:21:07:04:428,813179,813119,60
2018:09:02:21:07:04:532,813178,813119,59
2018:09:02:21:07:04:664,813178,813119,59
2018:09:02:21:07:05:697,813178,813013,165
2018:09:02:21:07:05:909,813027,813020,7
2018:09:02:21:07:06:471,813027,813000,27
2018:09:02:21:07:06:645,813000,812975,25
2018:09:02:21:07:06:760,813000,812998,2
2018:09:02:21:07:06:859,813000,812975,25
2018:09:02:21:07:06:967,813016,812918,98
2018:09:02:21:07:07:077,813026,813011,15
2018:09:02:21:07:07:184,813016,812918,98
2018:09:02:21:07:07:336,813026,813011,15
2018:09:02:21:07:07:444,812999,812908,91
2018:09:02:21:07:07:550,812999,812908,91
2018:09:02:21:07:07:673,812990,812983,7
2018:09:02:21:07:07:795,812990,812983,7
2018:09:02:21:07:07:919,812990,812983,7
2018:09:02:21:07:08:064,812990,812983,7
2018:09:02:21:07:08:219,812990,812983,7
2018:09:02:21:07:08:351,812990,812983,7
2018:09:02:21:07:08:464,812992,812979,13
2018:09:02:21:07:08:631,812992,812979,13
2018:09:02:21:07:08:804,812998,812900,98
2018:09:02:21:07:08:943,812982,812977,5
2018:09:02:21:07:09:068,812982,812977,5
2018:09:02:21:07:09:240,812982,812977,5
2018:09:02:21:07:09:333,812982,812980,2
2018:09:02:21:07:09:440,812982,812980,2
2018:09:02:21:07:09:564,812982,812980,2
2018:09:02:21:07:09:849,812980,812952,28
2018:09:02:21:07:10:145,812978,812953,25
2018:09:02:21:07:10:253,812978,812953,25
2018:09:02:21:07:10:386,812978,812953,25
2018:09:02:21:07:10:501,812978,812953,25
2018:09:02:21:07:10:612,812975,812970,5
2018:09:02:21:07:10:735,812978,812954,24
2018:09:02:21:07:10:849,812978,812954,24
2018:09:02:21:07:10:956,812972,812947,25
2018:09:02:21:07:11:066,812974,812930,44
2018:09:02:21:07:11:178,812972,812947,25
2018:09:02:21:07:11:271,812974,812930,44
2018:09:02:21:07:11:389,812973,812930,43
2018:09:02:21:07:11:524,812973,812930,43
2018:09:02:21:07:11:631,812979,812933,46
2018:09:02:21:07:11:740,812979,812959,20
2018:09:02:21:07:11:867,812979,812959,20
2018:09:02:21:07:11:986,812979,812959,20
2018:09:02:21:07:12:169,812979,812959,20
2018:09:02:21:07:12:386,812968,812881,87
2018:09:02:21:07:12:540,812968,812881,87
2018:09:02:21:07:12:661,812962,812936,26
2018:09:02:21:07:12:758,812884,812879,5
2018:09:02:21:07:12:883,812884,812879,5
2018:09:02:21:07:12:979,812884,812879,5
2018:09:02:21:07:13:147,812884,812879,5
2018:09:02:21:07:13:379,812884,812879,5
2018:09:02:21:07:13:492,812883,812830,53
2018:09:02:21:07:13:619,812832,812830,2
2018:09:02:21:07:13:819,812832,812830,2
2018:09:02:21:07:13:976,812867,812843,24
2018:09:02:21:07:14:139,812832,812830,2
2018:09:02:21:07:14:273,812860,812815,45
2018:09:02:21:07:14:410,812860,812815,45
2018:09:02:21:07:14:564,812869,812836,33
2018:09:02:21:07:14:737,812859,812836,23
2018:09:02:21:07:14:860,812859,812836,23
2018:09:02:21:07:15:016,812859,812836,23
2018:09:02:21:07:15:192,812849,812836,13
2018:09:02:21:07:15:339,812848,812836,12
2018:09:02:21:07:15:481,812849,812800,49
2018:09:02:21:07:15:585,812849,812800,49
2018:09:02:21:07:15:853,812849,812800,49
2018:09:02:21:07:15:974,812849,812800,49
2018:09:02:21:07:16:086,812849,812800,49
2018:09:02:21:07:16:210,812849,812800,49
2018:09:02:21:07:16:436,812849,812800,49
2018:09:02:21:07:16:563,812845,812672,173
2018:09:02:21:07:16:675,812845,812672,173
2018:09:02:21:07:16:975,812845,812672,173
2018:09:02:21:07:17:150,812845,812672,173
2018:09:02:21:07:17:304,812848,812801,47
2018:09:02:21:07:17:442,812848,812801,47
2018:09:02:21:07:17:619,812749,812679,70
2018:09:02:21:07:18:377,812749,812679,70
2018:09:02:21:07:18:658,812761,812535,226
2018:09:02:21:07:18:928,812835,812817,18
2018:09:02:21:07:19:241,812835,812817,18
2018:09:02:21:07:19:707,812746,812680,66
2018:09:02:21:07:20:140,812745,812695,50
2018:09:02:21:07:20:477,812743,812695,48
2018:09:02:21:07:20:707,812734,812706,28
2018:09:02:21:07:21:158,812734,812706,28
2018:09:02:21:07:21:414,812733,812711,22
2018:09:02:21:07:21:728,812832,812809,23
2018:09:02:21:07:21:947,812823,812809,14
2018:09:02:21:07:22:335,812823,812810,13
2018:09:02:21:07:22:605,812822,812809,13
2018:09:02:21:07:23:009,812822,812809,13
2018:09:02:21:07:23:511,812836,812835,1
2018:09:02:21:07:24:033,812835,812820,15
2018:09:02:21:07:24:428,812882,812866,16
2018:09:02:21:07:24:880,812882,812830,52
2018:09:02:21:07:25:268,812879,812867,12
2018:09:02:21:07:25:973,812959,812874,85
2018:09:02:21:07:26:627,812979,812950,29
2018:09:02:21:07:27:124,812979,812950,29
2018:09:02:21:07:27:668,812985,812951,34
2018:09:02:21:07:27:950,813079,812982,97
2018:09:02:21:07:28:247,813079,812982,97
2018:09:02:21:07:28:541,813081,812969,112
2018:09:02:21:07:28:722,813059,812985,74
2018:09:02:21:07:28:903,813059,812985,74
2018:09:02:21:07:29:131,813070,812979,91
2018:09:02:21:07:29:295,813044,812979,65
2018:09:02:21:07:29:493,813044,812978,66
2018:09:02:21:07:29:656,813037,812992,45
2018:09:02:21:07:29:826,813031,812996,35
2018:09:02:21:07:29:951,813041,812968,73
2018:09:02:21:07:30:095,813041,812968,73
2018:09:02:21:07:30:657,813031,812996,35
2018:09:02:21:07:30:864,813017,813002,15
2018:09:02:21:07:31:068,813017,813002,15
2018:09:02:21:07:31:316,813025,813000,25
2018:09:02:21:07:31:496,813025,813000,25
2018:09:02:21:07:31:676,813143,813000,143
2018:09:02:21:07:31:806,813008,813006,2
2018:09:02:21:07:31:937,813008,813006,2
2018:09:02:21:07:32:942,813024,813013,11
2018:09:02:21:07:33:107,813049,813008,41
2018:09:02:21:07:33:275,813021,813008,13
2018:09:02:21:07:33:569,813049,813008,41
2018:09:02:21:07:33:749,813016,813012,4
2018:09:02:21:07:34:020,813016,813012,4
2018:09:02:21:07:34:195,813016,813012,4
2018:09:02:21:07:34:360,813016,813012,4
2018:09:02:21:07:34:546,813016,813012,4
2018:09:02:21:07:34:700,813112,813020,92
2018:09:02:21:07:34:953,813112,813020,92
2018:09:02:21:07:35:097,813195,813015,180
2018:09:02:21:07:35:239,813400,813029,371
2018:09:02:21:07:35:363,813286,813123,163
2018:09:02:21:07:35:588,813247,813233,14
2018:09:02:21:07:35:704,813286,813233,53
2018:09:02:21:07:36:162,813244,813233,11
2018:09:02:21:07:36:624,813244,813238,6
2018:09:02:21:07:36:783,813203,813187,16
2018:09:02:21:07:36:916,813203,813187,16
2018:09:02:21:07:37:077,813243,813024,219
2018:09:02:21:07:37:210,813243,813024,219
2018:09:02:21:07:37:350,813230,813044,186
2018:09:02:21:07:37:572,813170,813027,143
2018:09:02:21:07:37:728,813170,813027,143
2018:09:02:21:07:37:832,813170,813045,125
2018:09:02:21:07:37:953,813131,813045,86
2018:09:02:21:07:38:076,813131,813045,86
2018:09:02:21:07:38:382,813124,813045,79
2018:09:02:21:07:38:553,813130,813054,76
2018:09:02:21:07:38:707,813117,813062,55
2018:09:02:21:07:39:030,813117,813062,55
2018:09:02:21:07:39:289,813096,813069,27
2018:09:02:21:07:39:442,813096,813069,27
2018:09:02:21:07:39:553,813096,813069,27
2018:09:02:21:07:39:698,813095,813072,23
2018:09:02:21:07:39:822,813095,813072,23
2018:09:02:21:07:39:982,813095,813071,24
2018:09:02:21:07:40:105,813095,813071,24
2018:09:02:21:07:40:232,813095,813071,24
2018:09:02:21:07:40:344,813089,813077,12
2018:09:02:21:07:41:149,813086,813077,9
2018:09:02:21:07:41:366,813159,813085,74
2018:09:02:21:07:41:614,813148,813085,63
2018:09:02:21:07:41:794,813144,813092,52
2018:09:02:21:07:41:989,813147,813099,48
2018:09:02:21:07:42:144,813147,813099,48
2018:09:02:21:07:42:281,813137,813099,38
2018:09:02:21:07:42:739,813159,813100,59
2018:09:02:21:07:43:275,813168,813120,48
2018:09:02:21:07:43:429,813168,813120,48
2018:09:02:21:07:43:581,813229,813158,71
2018:09:02:21:07:43:700,813229,813158,71
2018:09:02:21:07:43:830,813231,813229,2
2018:09:02:21:07:43:950,813231,813229,2
2018:09:02:21:07:44:093,813232,813230,2
2018:09:02:21:07:45:399,813312,813232,80
2018:09:02:21:07:46:224,813243,813242,1
2018:09:02:21:07:46:477,813297,813253,44
2018:09:02:21:07:46:670,813313,813259,54
2018:09:02:21:07:46:821,813297,813239,58
2018:09:02:21:07:46:937,813253,813238,15
2018:09:02:21:07:47:074,813253,813237,16
2018:09:02:21:07:47:206,813253,813237,16
2018:09:02:21:07:47:639,813253,813237,16
2018:09:02:21:07:47:931,813299,813252,47
2018:09:02:21:07:48:314,813299,813253,46
2018:09:02:21:07:48:508,813299,813253,46
2018:09:02:21:07:48:719,813285,813253,32
2018:09:02:21:07:48:870,813285,813253,32
2018:09:02:21:07:49:023,813308,813299,9
2018:09:02:21:07:49:157,813299,813253,46
2018:09:02:21:07:49:857,813299,813253,46
2018:09:02:21:07:50:062,813307,813300,7
2018:09:02:21:07:50:260,813307,813300,7
2018:09:02:21:07:50:429,813336,813303,33
2018:09:02:21:07:50:557,813315,813300,15
2018:09:02:21:07:50:670,813336,813303,33
2018:09:02:21:07:50:819,813336,813315,21
2018:09:02:21:07:50:960,813336,813315,21
2018:09:02:21:07:51:126,813336,813315,21
2018:09:02:21:07:51:261,813335,813315,20
2018:09:02:21:07:52:130,813335,813315,20
2018:09:02:21:07:52:338,813334,813321,13
2018:09:02:21:07:52:632,813331,813321,10
2018:09:02:21:07:52:798,813358,813316,42
2018:09:02:21:07:52:967,813358,813316,42
2018:09:02:21:07:53:123,813365,813324,41
2018:09:02:21:07:53:254,813365,813324,41
2018:09:02:21:07:53:954,813447,813324,123
2018:09:02:21:07:54:325,813493,813365,128
2018:09:02:21:07:54:537,813493,813450,43
2018:09:02:21:07:54:731,813493,813450,43
2018:09:02:21:07:54:868,813480,813476,4
2018:09:02:21:07:55:032,813493,813481,12
2018:09:02:21:07:55:862,813493,813481,12
2018:09:02:21:07:56:059,813500,813477,23
2018:09:02:21:07:56:201,813500,813477,23
2018:09:02:21:07:56:490,813500,813477,23
2018:09:02:21:07:56:645,813491,813451,40
2018:09:02:21:07:56:773,813491,813381,110
2018:09:02:21:07:56:928,813491,813381,110
2018:09:02:21:07:57:059,813486,813381,105
2018:09:02:21:07:57:199,813486,813381,105
2018:09:02:21:07:57:341,813486,813381,105
2018:09:02:21:07:57:476,813476,813404,72
2018:09:02:21:07:57:616,813470,813411,59
2018:09:02:21:07:57:753,813462,813438,24
2018:09:02:21:07:57:896,813462,813417,45
2018:09:02:21:07:58:018,813462,813417,45
2018:09:02:21:07:58:204,813458,813417,41
2018:09:02:21:07:58:364,813458,813417,41
2018:09:02:21:07:58:480,813461,813428,33
2018:09:02:21:07:58:605,813461,813428,33
2018:09:02:21:07:58:739,813461,813417,44
2018:09:02:21:07:58:872,813461,813417,44
2018:09:02:21:07:58:977,813451,813404,47
2018:09:02:21:07:59:095,813451,813404,47
2018:09:02:21:07:59:202,813451,813404,47
2018:09:02:21:07:59:325,813451,813404,47
2018:09:02:21:07:59:449,813451,813404,47
2018:09:02:21:07:59:579,813475,813393,82
2018:09:02:21:07:59:768,813475,813393,82
2018:09:02:21:07:59:891,813475,813409,66
2018:09:02:21:08:00:025,813475,813409,66
2018:09:02:21:08:00:162,813475,813409,66
2018:09:02:21:08:00:291,813475,813414,61
2018:09:02:21:08:00:483,813475,813414,61
2018:09:02:21:08:00:638,813474,813429,45
2018:09:02:21:08:00:804,813456,813410,46
2018:09:02:21:08:01:099,813456,813410,46
2018:09:02:21:08:01:265,813456,813405,51
2018:09:02:21:08:01:403,813449,813415,34
2018:09:02:21:08:01:554,813453,813411,42
2018:09:02:21:08:01:715,813453,813424,29
2018:09:02:21:08:01:864,813453,813424,29
2018:09:02:21:08:01:977,813434,813416,18
2018:09:02:21:08:02:108,813434,813416,18
2018:09:02:21:08:02:230,813434,813416,18
2018:09:02:21:08:02:371,813434,813416,18
2018:09:02:21:08:02:499,813438,813416,22
2018:09:02:21:08:02:680,813438,813419,19
2018:09:02:21:08:02:999,813438,813419,19
2018:09:02:21:08:03:189,813438,813419,19
2018:09:02:21:08:03:355,813570,813500,70
2018:09:02:21:08:03:532,813538,813501,37
2018:09:02:21:08:03:781,813538,813501,37
2018:09:02:21:08:03:968,813563,813510,53
2018:09:02:21:08:04:160,813448,813424,24
2018:09:02:21:08:04:338,813535,813513,22
2018:09:02:21:08:04:504,813535,813513,22
2018:09:02:21:08:04:677,813535,813513,22
2018:09:02:21:08:04:825,813535,813513,22
2018:09:02:21:08:04:991,813552,813511,41
2018:09:02:21:08:05:112,813534,813502,32
2018:09:02:21:08:05:239,813534,813502,32
2018:09:02:21:08:05:352,813534,813502,32
2018:09:02:21:08:05:473,813600,813520,80
2018:09:02:21:08:05:688,813600,813524,76
2018:09:02:21:08:05:807,813600,813524,76
2018:09:02:21:08:05:916,813600,813524,76
2018:09:02:21:08:06:040,813593,813527,66
2018:09:02:21:08:06:178,813593,813529,64
2018:09:02:21:08:06:344,813593,813529,64
2018:09:02:21:08:06:462,813566,813529,37
2018:09:02:21:08:06:599,813566,813529,37
2018:09:02:21:08:06:725,813566,813529,37
2018:09:02:21:08:06:872,813586,813530,56
2018:09:02:21:08:07:007,813594,813530,64
2018:09:02:21:08:07:146,813563,813541,22
2018:09:02:21:08:07:306,813563,813541,22
2018:09:02:21:08:07:430,813560,813533,27
2018:09:02:21:08:07:587,813560,813530,30
2018:09:02:21:08:07:726,813579,813546,33
2018:09:02:21:08:07:873,813579,813546,33
2018:09:02:21:08:08:011,813579,813546,33
2018:09:02:21:08:08:218,813554,813542,12
2018:09:02:21:08:08:355,813554,813542,12
2018:09:02:21:08:08:545,813552,813531,21
2018:09:02:21:08:08:713,813552,813531,21
2018:09:02:21:08:08:895,813552,813531,21
2018:09:02:21:08:09:015,813547,813531,16
2018:09:02:21:08:09:227,813547,813531,16
2018:09:02:21:08:09:355,813547,813531,16
2018:09:02:21:08:09:527,813547,813531,16
2018:09:02:21:08:09:675,813635,813541,94
2018:09:02:21:08:09:856,813635,813579,56
2018:09:02:21:08:10:058,813635,813579,56
2018:09:02:21:08:10:291,813635,813579,56
2018:09:02:21:08:10:424,813500,813479,21
2018:09:02:21:08:10:581,813500,813476,24
2018:09:02:21:08:10:786,813479,813467,12
2018:09:02:21:08:11:023,813479,813467,12
2018:09:02:21:08:11:175,813497,813470,27
2018:09:02:21:08:11:348,813499,813488,11
2018:09:02:21:08:11:528,813586,813503,83
2018:09:02:21:08:11:713,813586,813503,83
2018:09:02:21:08:11:888,813586,813505,81
2018:09:02:21:08:12:091,813573,813506,67
2018:09:02:21:08:12:308,813571,813506,65
2018:09:02:21:08:12:470,813566,813506,60
2018:09:02:21:08:12:731,813566,813519,47
2018:09:02:21:08:12:884,813559,813489,70
2018:09:02:21:08:13:114,813559,813489,70
2018:09:02:21:08:13:317,813551,813489,62
2018:09:02:21:08:13:515,813541,813502,39
2018:09:02:21:08:13:691,813541,813502,39
2018:09:02:21:08:13:898,813534,813505,29
2018:09:02:21:08:14:156,813534,813505,29
2018:09:02:21:08:14:362,813534,813500,34
2018:09:02:21:08:14:616,813524,813500,24
2018:09:02:21:08:14:803,813523,813506,17
2018:09:02:21:08:15:174,813514,813501,13
2018:09:02:21:08:15:524,813504,813500,4
2018:09:02:21:08:15:760,813494,813490,4
2018:09:02:21:08:16:036,813589,813552,37
2018:09:02:21:08:16:229,813589,813554,35
2018:09:02:21:08:16:470,813593,813589,4
2018:09:02:21:08:16:824,813593,813589,4
2018:09:02:21:08:17:110,813581,813557,24
2018:09:02:21:08:17:445,813500,813490,10
2018:09:02:21:08:17:679,813498,813490,8
2018:09:02:21:08:17:943,813499,813483,16
2018:09:02:21:08:18:194,813499,813483,16
2018:09:02:21:08:18:755,813499,813483,16
2018:09:02:21:08:19:051,813482,813390,92
2018:09:02:21:08:19:278,813451,813390,61
2018:09:02:21:08:19:694,813451,813390,61
2018:09:02:21:08:20:136,813430,813406,24
2018:09:02:21:08:20:421,813440,813436,4
2018:09:02:21:08:20:788,813440,813436,4
2018:09:02:21:08:21:186,813429,813410,19
2018:09:02:21:08:21:439,813439,813354,85
2018:09:02:21:08:21:728,813428,813346,82
2018:09:02:21:08:22:025,813438,813437,1
2018:09:02:21:08:22:311,813438,813284,154
2018:09:02:21:08:22:982,813420,813368,52
2018:09:02:21:08:23:407,813417,813290,127
2018:09:02:21:08:23:653,813399,813344,55
2018:09:02:21:08:23:973,813399,813366,33
2018:09:02:21:08:24:334,813399,813366,33
2018:09:02:21:08:24:897,813399,813366,33
2018:09:02:21:08:25:590,813396,813354,42
2018:09:02:21:08:25:887,813388,813364,24
2018:09:02:21:08:26:634,813388,813342,46
2018:09:02:21:08:27:081,813353,813333,20
2018:09:02:21:08:27:296,813351,813333,18
2018:09:02:21:08:27:492,813353,813333,20
2018:09:02:21:08:27:676,813343,813275,68
2018:09:02:21:08:27:821,813336,813331,5
2018:09:02:21:08:27:998,813340,813331,9
2018:09:02:21:08:28:127,813340,813331,9
2018:09:02:21:08:28:252,813340,813331,9
2018:09:02:21:08:28:404,813340,813331,9
2018:09:02:21:08:28:520,813340,813331,9
2018:09:02:21:08:28:643,813339,813331,8
2018:09:02:21:08:28:771,813398,813331,67
2018:09:02:21:08:28:945,813394,813336,58
2018:09:02:21:08:29:064,813397,813336,61
2018:09:02:21:08:29:183,813369,813336,33
2018:09:02:21:08:29:325,813388,813364,24
2018:09:02:21:08:29:453,813388,813364,24
2018:09:02:21:08:29:596,813388,813364,24
2018:09:02:21:08:29:732,813388,813364,24
2018:09:02:21:08:29:904,813388,813339,49
2018:09:02:21:08:30:071,813377,813365,12
2018:09:02:21:08:30:198,813377,813365,12
2018:09:02:21:08:30:300,813377,813365,12
2018:09:02:21:08:30:412,813377,813365,12
2018:09:02:21:08:30:556,813377,813342,35
2018:09:02:21:08:30:675,813379,813342,37
2018:09:02:21:08:30:799,813356,813342,14
2018:09:02:21:08:30:930,813356,813342,14
2018:09:02:21:08:31:031,813356,813256,100
2018:09:02:21:08:31:155,813356,813256,100
2018:09:02:21:08:31:269,813355,813345,10
2018:09:02:21:08:31:377,813355,813333,22
2018:09:02:21:08:31:612,813355,813333,22
2018:09:02:21:08:31:742,813335,813334,1
2018:09:02:21:08:31:868,813328,813314,14
2018:09:02:21:08:31:986,813335,813334,1
2018:09:02:21:08:32:106,813335,813334,1
2018:09:02:21:08:32:225,813307,813302,5
2018:09:02:21:08:32:460,813313,813283,30
2018:09:02:21:08:32:573,813306,813302,4
2018:09:02:21:08:32:730,813306,813300,6
2018:09:02:21:08:32:896,813306,813300,6
2018:09:02:21:08:33:011,813306,813300,6
2018:09:02:21:08:33:287,813305,813260,45
2018:09:02:21:08:33:417,813296,813267,29
2018:09:02:21:08:33:541,813296,813267,29
2018:09:02:21:08:33:651,813296,813267,29
2018:09:02:21:08:33:763,813296,813267,29
2018:09:02:21:08:33:861,813299,813270,29
2018:09:02:21:08:33:965,813299,813270,29
2018:09:02:21:08:34:102,813299,813270,29
2018:09:02:21:08:34:208,813299,813270,29
2018:09:02:21:08:34:330,813305,813304,1
2018:09:02:21:08:34:434,813304,813280,24
2018:09:02:21:08:34:548,813305,813304,1
2018:09:02:21:08:35:483,813305,813304,1
2018:09:02:21:08:35:793,813345,813326,19
2018:09:02:21:08:35:903,813345,813326,19
2018:09:02:21:08:36:020,813354,813350,4
2018:09:02:21:08:36:169,813354,813350,4
2018:09:02:21:08:36:317,813403,813402,1
2018:09:02:21:08:36:407,813445,813423,22
2018:09:02:21:08:36:523,813445,813402,43
2018:09:02:21:08:36:661,813445,813423,22
2018:09:02:21:08:36:926,813448,813423,25
2018:09:02:21:08:37:878,813469,813448,21
2018:09:02:21:08:38:010,813469,813448,21
2018:09:02:21:08:38:535,813469,813452,17
2018:09:02:21:08:38:726,813499,813456,43
2018:09:02:21:08:38:867,813499,813493,6
2018:09:02:21:08:39:006,813499,813494,5
2018:09:02:21:08:39:125,813499,813494,5
2018:09:02:21:08:39:237,813530,813495,35
2018:09:02:21:08:39:356,813566,813504,62
2018:09:02:21:08:39:487,813566,813504,62
2018:09:02:21:08:39:594,813566,813504,62
2018:09:02:21:08:39:897,813546,813511,35
2018:09:02:21:08:40:217,813546,813511,35
2018:09:02:21:08:41:009,813566,813513,53
2018:09:02:21:08:42:043,813600,813522,78
2018:09:02:21:08:42:177,813583,813554,29
2018:09:02:21:08:42:300,813583,813551,32
2018:09:02:21:08:42:415,813583,813555,28
2018:09:02:21:08:42:528,813583,813555,28
2018:09:02:21:08:42:717,813600,813555,45
2018:09:02:21:08:42:819,813583,813555,28
2018:09:02:21:08:43:728,813700,813599,101
2018:09:02:21:08:43:905,813601,813600,1
2018:09:02:21:08:44:029,813601,813600,1
2018:09:02:21:08:44:155,813601,813600,1
2018:09:02:21:08:44:288,813651,813603,48
2018:09:02:21:08:44:455,813651,813603,48
2018:09:02:21:08:44:604,813651,813603,48
2018:09:02:21:08:44:750,813651,813603,48
2018:09:02:21:08:44:993,813867,813603,264
2018:09:02:21:08:45:188,813867,813603,264
2018:09:02:21:08:46:299,813700,813644,56
2018:09:02:21:08:46:734,813679,813665,14
2018:09:02:21:08:46:856,813700,813666,34
2018:09:02:21:08:47:009,813700,813666,34
2018:09:02:21:08:47:132,813700,813668,32
2018:09:02:21:08:48:030,813674,813668,6
2018:09:02:21:08:48:574,813714,813710,4
2018:09:02:21:08:48:708,813716,813710,6
2018:09:02:21:08:49:727,813699,813691,8
2018:09:02:21:08:50:112,813700,813605,95
2018:09:02:21:08:50:290,813716,813660,56
2018:09:02:21:08:50:680,813697,813671,26
2018:09:02:21:08:50:823,813696,813661,35
2018:09:02:21:08:51:036,813696,813661,35
2018:09:02:21:08:51:248,813690,813661,29
2018:09:02:21:08:51:390,813685,813677,8
2018:09:02:21:08:52:054,813685,813677,8
2018:09:02:21:08:52:388,813668,813648,20
2018:09:02:21:08:52:522,813667,813665,2
2018:09:02:21:08:52:668,813667,813648,19
2018:09:02:21:08:52:774,813667,813665,2
2018:09:02:21:08:52:904,813667,813626,41
2018:09:02:21:08:53:134,813663,813639,24
2018:09:02:21:08:53:254,813660,813639,21
2018:09:02:21:08:53:352,813660,813639,21
2018:09:02:21:08:53:475,813666,813613,53
2018:09:02:21:08:53:606,813653,813600,53
2018:09:02:21:08:53:720,813649,813624,25
2018:09:02:21:08:53:872,813648,813578,70
2018:09:02:21:08:53:993,813649,813624,25
2018:09:02:21:08:54:103,813642,813568,74
2018:09:02:21:08:54:312,813642,813568,74
2018:09:02:21:08:54:447,813639,813631,8
2018:09:02:21:08:54:580,813647,813631,16
2018:09:02:21:08:54:729,813647,813631,16
2018:09:02:21:08:54:848,813635,813631,4
2018:09:02:21:08:54:946,813639,813631,8
2018:09:02:21:08:55:071,813639,813631,8
2018:09:02:21:08:55:182,813639,813631,8
2018:09:02:21:08:55:300,813639,813635,4
2018:09:02:21:08:55:408,813636,813631,5
2018:09:02:21:08:55:526,813636,813631,5
2018:09:02:21:08:55:634,813636,813631,5
2018:09:02:21:08:55:732,813635,813631,4
2018:09:02:21:08:55:868,813635,813634,1
2018:09:02:21:08:55:969,813635,813631,4
2018:09:02:21:08:56:148,813635,813634,1
2018:09:02:21:08:56:301,813635,813634,1
2018:09:02:21:08:56:394,813635,813634,1
2018:09:02:21:08:56:512,813635,813609,26
2018:09:02:21:08:56:618,813635,813609,26
2018:09:02:21:08:56:719,813634,813609,25
2018:09:02:21:08:56:842,813634,813609,25
2018:09:02:21:08:56:968,813634,813592,42
2018:09:02:21:08:57:098,813634,813592,42
2018:09:02:21:08:57:201,813634,813592,42
2018:09:02:21:08:57:424,813626,813568,58
2018:09:02:21:08:57:543,813626,813568,58
2018:09:02:21:08:57:638,813623,813575,48
2018:09:02:21:08:57:905,813630,813557,73
2018:09:02:21:08:58:004,813619,813571,48
2018:09:02:21:08:58:110,813619,813571,48
2018:09:02:21:08:58:218,813619,813571,48
2018:09:02:21:08:58:321,813612,813576,36
2018:09:02:21:08:58:437,813611,813576,35
2018:09:02:21:08:58:559,813611,813576,35
2018:09:02:21:08:58:719,813576,813571,5
2018:09:02:21:08:59:636,813606,813566,40
2018:09:02:21:09:00:121,813603,813555,48
2018:09:02:21:09:00:262,813612,813581,31
2018:09:02:21:09:00:382,813603,813555,48
2018:09:02:21:09:00:506,813704,813700,4
2018:09:02:21:09:00:637,813710,813700,10
2018:09:02:21:09:00:838,813703,813701,2
2018:09:02:21:09:00:942,813703,813700,3
2018:09:02:21:09:01:049,813707,813701,6
2018:09:02:21:09:01:248,813707,813701,6
2018:09:02:21:09:01:359,813707,813701,6
2018:09:02:21:09:01:479,813602,813601,1
2018:09:02:21:09:01:618,813689,813679,10
2018:09:02:21:09:01:721,813689,813679,10
2018:09:02:21:09:01:835,813689,813679,10
2018:09:02:21:09:02:027,813689,813679,10
2018:09:02:21:09:02:129,813675,813630,45
2018:09:02:21:09:02:229,813675,813630,45
2018:09:02:21:09:02:325,813689,813686,3
2018:09:02:21:09:02:439,813675,813630,45
2018:09:02:21:09:02:655,813675,813630,45
2018:09:02:21:09:02:789,813666,813637,29
2018:09:02:21:09:02:910,813666,813637,29
2018:09:02:21:09:03:027,813666,813637,29
2018:09:02:21:09:03:168,813666,813637,29
2018:09:02:21:09:03:259,813666,813647,19
2018:09:02:21:09:03:409,813666,813647,19
2018:09:02:21:09:03:632,813666,813647,19
2018:09:02:21:09:03:801,813666,813662,4
2018:09:02:21:09:03:907,813666,813662,4
2018:09:02:21:09:04:011,813747,813662,85
2018:09:02:21:09:04:165,813747,813662,85
2018:09:02:21:09:04:274,813747,813662,85
2018:09:02:21:09:04:399,813734,813670,64
2018:09:02:21:09:04:528,813754,813747,7
2018:09:02:21:09:04:679,813754,813747,7
2018:09:02:21:09:04:834,813754,813747,7
2018:09:02:21:09:04:951,813754,813747,7
2018:09:02:21:09:05:080,813703,813696,7
2018:09:02:21:09:06:284,813703,813696,7
2018:09:02:21:09:06:455,813725,813720,5
2018:09:02:21:09:06:653,813768,813747,21
2018:09:02:21:09:06:944,813768,813732,36
2018:09:02:21:09:08:115,813781,813737,44
2018:09:02:21:09:08:340,813754,813672,82
2018:09:02:21:09:08:451,813810,813737,73
2018:09:02:21:09:08:590,813762,813756,6
2018:09:02:21:09:08:735,813762,813756,6
2018:09:02:21:09:08:857,813762,813756,6
2018:09:02:21:09:08:973,813744,813713,31
2018:09:02:21:09:09:081,813744,813720,24
2018:09:02:21:09:09:185,813747,813720,27
2018:09:02:21:09:09:300,813747,813720,27
2018:09:02:21:09:09:415,813742,813733,9
2018:09:02:21:09:09:562,813742,813733,9
2018:09:02:21:09:09:677,813742,813733,9
2018:09:02:21:09:09:796,813742,813733,9
2018:09:02:21:09:09:926,813751,813714,37
2018:09:02:21:09:10:145,813732,813695,37
2018:09:02:21:09:10:292,813730,813691,39
2018:09:02:21:09:10:412,813719,813718,1
2018:09:02:21:09:10:584,813719,813718,1
2018:09:02:21:09:10:708,813732,813718,14
2018:09:02:21:09:10:839,813716,813695,21
2018:09:02:21:09:10:944,813746,813695,51
2018:09:02:21:09:11:059,813746,813695,51
2018:09:02:21:09:11:183,813716,813695,21
2018:09:02:21:09:11:300,813729,813705,24
2018:09:02:21:09:11:411,813716,813695,21
2018:09:02:21:09:11:566,813728,813695,33
2018:09:02:21:09:11:675,813729,813695,34
2018:09:02:21:09:11:791,813726,813710,16
2018:09:02:21:09:11:927,813726,813710,16
2018:09:02:21:09:12:143,813726,813710,16
2018:09:02:21:09:12:246,813726,813710,16
2018:09:02:21:09:12:377,813726,813710,16
2018:09:02:21:09:12:479,813723,813720,3
2018:09:02:21:09:12:596,813726,813710,16
2018:09:02:21:09:12:719,813723,813720,3
2018:09:02:21:09:12:845,813723,813720,3
2018:09:02:21:09:12:966,813725,813680,45
2018:09:02:21:09:13:087,813725,813680,45
2018:09:02:21:09:13:208,813725,813680,45
2018:09:02:21:09:13:330,813725,813683,42
2018:09:02:21:09:13:429,813722,813683,39
2018:09:02:21:09:13:569,813725,813683,42
2018:09:02:21:09:13:668,813722,813692,30
2018:09:02:21:09:13:796,813722,813692,30
2018:09:02:21:09:13:903,813722,813692,30
2018:09:02:21:09:14:013,813722,813692,30
2018:09:02:21:09:14:210,813722,813692,30
2018:09:02:21:09:14:362,813750,813746,4
2018:09:02:21:09:14:511,813750,813701,49
2018:09:02:21:09:14:809,813750,813746,4
2018:09:02:21:09:14:905,813705,813704,1
2018:09:02:21:09:15:007,813705,813704,1
2018:09:02:21:09:15:122,813705,813704,1
2018:09:02:21:09:15:321,813705,813704,1
2018:09:02:21:09:15:426,813730,813707,23
2018:09:02:21:09:15:704,813705,813704,1
2018:09:02:21:09:15:810,813832,813707,125
2018:09:02:21:09:15:923,813777,813737,40
2018:09:02:21:09:16:069,813817,813730,87
2018:09:02:21:09:16:179,813817,813730,87
2018:09:02:21:09:16:354,813777,813737,40
2018:09:02:21:09:16:511,813777,813736,41
2018:09:02:21:09:16:667,813777,813736,41
2018:09:02:21:09:16:763,813661,813659,2
2018:09:02:21:09:16:860,813661,813659,2
2018:09:02:21:09:16:960,813766,813747,19
2018:09:02:21:09:17:072,813759,813747,12
2018:09:02:21:09:17:181,813759,813744,15
2018:09:02:21:09:17:318,813712,813675,37
2018:09:02:21:09:17:444,813712,813675,37
2018:09:02:21:09:17:601,813694,813652,42
2018:09:02:21:09:17:785,813694,813652,42
2018:09:02:21:09:17:916,813694,813652,42
2018:09:02:21:09:18:079,813694,813652,42
2018:09:02:21:09:18:201,813684,813649,35
2018:09:02:21:09:18:346,813695,813639,56
2018:09:02:21:09:18:460,813684,813656,28
2018:09:02:21:09:18:584,813682,813656,26
2018:09:02:21:09:18:778,813682,813656,26
2018:09:02:21:09:18:927,813682,813656,26
2018:09:02:21:09:19:042,813682,813656,26
2018:09:02:21:09:19:670,813682,813656,26
2018:09:02:21:09:19:846,813859,813839,20
2018:09:02:21:09:19:992,813859,813839,20
2018:09:02:21:09:20:468,813859,813839,20
2018:09:02:21:09:20:601,813878,813846,32
2018:09:02:21:09:20:757,813878,813859,19
2018:09:02:21:09:21:030,813878,813846,32
2018:09:02:21:09:21:163,813868,813862,6
2018:09:02:21:09:21:270,813868,813862,6
2018:09:02:21:09:21:387,813868,813862,6
2018:09:02:21:09:21:527,813868,813862,6
2018:09:02:21:09:21:810,813899,813860,39
2018:09:02:21:09:21:931,813848,813847,1
2018:09:02:21:09:22:049,813848,813847,1
2018:09:02:21:09:22:305,813848,813761,87
2018:09:02:21:09:22:430,813848,813761,87
2018:09:02:21:09:22:525,813826,813797,29
2018:09:02:21:09:22:636,813826,813797,29
2018:09:02:21:09:22:786,813800,813797,3
2018:09:02:21:09:23:066,813800,813797,3
2018:09:02:21:09:23:167,813800,813797,3
2018:09:02:21:09:23:276,813800,813797,3
2018:09:02:21:09:23:403,813800,813797,3
2018:09:02:21:09:23:499,813825,813800,25
2018:09:02:21:09:23:599,813825,813800,25
2018:09:02:21:09:23:711,813825,813800,25
2018:09:02:21:09:23:837,813798,813789,9
2018:09:02:21:09:23:963,813798,813789,9
2018:09:02:21:09:24:075,813798,813789,9
2018:09:02:21:09:24:173,813798,813789,9
2018:09:02:21:09:24:310,813815,813791,24
2018:09:02:21:09:24:421,813815,813791,24
2018:09:02:21:09:24:519,813815,813791,24
2018:09:02:21:09:24:712,813815,813791,24
2018:09:02:21:09:24:913,813813,813796,17
2018:09:02:21:09:25:019,813815,813796,19
2018:09:02:21:09:25:142,813815,813796,19
2018:09:02:21:09:25:272,813789,813769,20
2018:09:02:21:09:25:384,813789,813769,20
2018:09:02:21:09:25:483,813789,813769,20
2018:09:02:21:09:25:588,813898,813825,73
2018:09:02:21:09:25:697,813898,813825,73
2018:09:02:21:09:25:819,813898,813825,73
2018:09:02:21:09:25:932,813877,813832,45
2018:09:02:21:09:26:035,813877,813832,45
2018:09:02:21:09:26:143,813884,813877,7
2018:09:02:21:09:26:362,813884,813877,7
2018:09:02:21:09:26:468,813888,813887,1
2018:09:02:21:09:26:720,813893,813887,6
2018:09:02:21:09:26:890,813893,813887,6
2018:09:02:21:09:26:981,813900,813890,10
2018:09:02:21:09:27:080,813900,813890,10
2018:09:02:21:09:27:218,813900,813890,10
2018:09:02:21:09:27:385,813900,813877,23
2018:09:02:21:09:27:524,813889,813877,12
2018:09:02:21:09:28:333,813889,813877,12
2018:09:02:21:09:28:483,813916,813878,38
2018:09:02:21:09:28:612,813916,813877,39
2018:09:02:21:09:28:790,813881,813880,1
2018:09:02:21:09:28:897,813928,813880,48
2018:09:02:21:09:29:001,813928,813880,48
2018:09:02:21:09:29:134,813928,813880,48
2018:09:02:21:09:29:285,813928,813906,22
2018:09:02:21:09:29:427,813932,813916,16
2018:09:02:21:09:29:559,813931,813916,15
2018:09:02:21:09:29:774,813931,813916,15
2018:09:02:21:09:29:911,813931,813916,15
2018:09:02:21:09:30:082,813933,813916,17
2018:09:02:21:09:30:219,813933,813877,56
2018:09:02:21:09:30:482,813922,813920,2
2018:09:02:21:09:30:613,813922,813920,2
2018:09:02:21:09:30:887,813922,813920,2
2018:09:02:21:09:31:013,813933,813920,13
2018:09:02:21:09:31:157,813933,813920,13
2018:09:02:21:09:31:265,813933,813920,13
2018:09:02:21:09:31:429,813933,813920,13
2018:09:02:21:09:31:563,813933,813920,13
2018:09:02:21:09:31:661,813933,813923,10
2018:09:02:21:09:31:764,813933,813920,13
2018:09:02:21:09:31:928,813933,813920,13
2018:09:02:21:09:32:840,813933,813923,10
2018:09:02:21:09:33:010,813933,813926,7
2018:09:02:21:09:33:134,813933,813926,7
2018:09:02:21:09:33:260,813933,813926,7
2018:09:02:21:09:33:441,813925,813924,1
2018:09:02:21:09:33:582,813933,813929,4
2018:09:02:21:09:33:761,813933,813878,55
2018:09:02:21:09:33:909,813933,813878,55
2018:09:02:21:09:34:012,813930,813878,52
2018:09:02:21:09:35:012,813933,813877,56
2018:09:02:21:09:35:329,813926,813923,3
2018:09:02:21:09:35:551,813931,813924,7
2018:09:02:21:09:35:736,813933,813925,8
2018:09:02:21:09:36:225,813933,813925,8
2018:09:02:21:09:36:717,813932,813884,48
2018:09:02:21:09:36:839,813933,813903,30
2018:09:02:21:09:36:971,813927,813892,35
2018:09:02:21:09:37:101,813927,813892,35
2018:09:02:21:09:37:233,813930,813897,33
2018:09:02:21:09:37:372,813915,813902,13
2018:09:02:21:09:37:520,813930,813897,33
2018:09:02:21:09:37:626,813930,813897,33
2018:09:02:21:09:37:748,813915,813902,13
2018:09:02:21:09:37:890,813915,813902,13
2018:09:02:21:09:38:663,813915,813902,13
2018:09:02:21:09:38:811,813884,813878,6
2018:09:02:21:09:38:936,813884,813879,5
2018:09:02:21:09:39:168,813884,813879,5
2018:09:02:21:09:39:338,813884,813882,2
2018:09:02:21:09:39:447,813884,813882,2
2018:09:02:21:09:40:674,813884,813882,2
2018:09:02:21:09:41:135,813895,813853,42
2018:09:02:21:09:41:338,813856,813853,3
2018:09:02:21:09:41:472,813856,813837,19
2018:09:02:21:09:41:647,813910,813854,56
2018:09:02:21:09:42:464,813910,813880,30
2018:09:02:21:09:42:658,813932,813855,77
2018:09:02:21:09:43:184,813892,813881,11
2018:09:02:21:09:43:332,813800,813791,9
2018:09:02:21:09:44:258,813800,813791,9
2018:09:02:21:09:44:469,813794,813792,2
2018:09:02:21:09:44:627,813797,813794,3
2018:09:02:21:09:44:811,813774,813763,11
2018:09:02:21:09:44:995,813774,813738,36
2018:09:02:21:09:45:152,813800,813738,62
2018:09:02:21:09:45:308,813823,813795,28
2018:09:02:21:09:45:439,813823,813795,28
2018:09:02:21:09:46:275,813823,813700,123
2018:09:02:21:09:46:404,813816,813811,5
2018:09:02:21:09:46:538,813815,813811,4
2018:09:02:21:09:46:881,813815,813811,4
2018:09:02:21:09:47:014,813815,813811,4
2018:09:02:21:09:47:153,813790,813722,68
2018:09:02:21:09:47:348,813790,813722,68
2018:09:02:21:09:48:614,813775,813737,38
2018:09:02:21:09:49:228,813738,813729,9
2018:09:02:21:09:49:384,813738,813729,9
2018:09:02:21:09:49:503,813738,813729,9
2018:09:02:21:09:49:661,813738,813702,36
2018:09:02:21:09:49:783,813738,813711,27
2018:09:02:21:09:49:906,813737,813730,7
2018:09:02:21:09:50:014,813738,813731,7
2018:09:02:21:09:50:138,813737,813731,6
2018:09:02:21:09:50:259,813727,813702,25
2018:09:02:21:09:50:405,813734,813732,2
2018:09:02:21:09:50:675,813731,813706,25
2018:09:02:21:09:50:807,813731,813706,25
2018:09:02:21:09:50:904,813729,813701,28
2018:09:02:21:09:50:995,813721,813703,18
2018:09:02:21:09:51:104,813722,813703,19
2018:09:02:21:09:51:255,813721,813703,18
2018:09:02:21:09:51:363,813721,813703,18
2018:09:02:21:09:52:162,813716,813701,15
2018:09:02:21:09:52:288,813713,813702,11
2018:09:02:21:09:52:447,813713,813702,11
2018:09:02:21:09:52:595,813713,813702,11
2018:09:02:21:09:52:729,813721,813705,16
2018:09:02:21:09:52:836,813721,813705,16
2018:09:02:21:09:52:937,813700,813685,15
2018:09:02:21:09:54:570,813700,813685,15
2018:09:02:21:09:54:812,813990,813858,132
2018:09:02:21:09:54:951,813990,813858,132
2018:09:02:21:09:55:070,813737,813715,22
2018:09:02:21:09:55:198,813931,813874,57
2018:09:02:21:09:55:315,813931,813874,57
2018:09:02:21:09:55:451,813931,813874,57
2018:09:02:21:09:55:575,813948,813868,80
2018:09:02:21:09:55:935,813949,813868,81
2018:09:02:21:09:56:274,813895,813884,11
2018:09:02:21:09:56:399,813883,813875,8
2018:09:02:21:09:56:546,813879,813878,1
2018:09:02:21:09:56:669,813883,813875,8
2018:09:02:21:09:56:945,813883,813875,8
2018:09:02:21:09:57:069,813878,813800,78
2018:09:02:21:09:57:193,813878,813800,78
2018:09:02:21:09:57:311,813878,813800,78
2018:09:02:21:09:57:417,813878,813876,2
2018:09:02:21:09:57:550,813878,813876,2
2018:09:02:21:09:57:661,813878,813876,2
2018:09:02:21:09:57:880,813878,813876,2
2018:09:02:21:09:57:982,813923,813903,20
2018:09:02:21:09:58:133,813923,813887,36
2018:09:02:21:09:58:280,813923,813905,18
2018:09:02:21:09:58:421,813923,813905,18
2018:09:02:21:09:58:530,813913,813910,3
2018:09:02:21:09:58:628,813913,813905,8
2018:09:02:21:09:58:746,813913,813905,8
2018:09:02:21:09:58:866,813913,813905,8
2018:09:02:21:09:59:011,813913,813911,2
2018:09:02:21:09:59:246,813913,813911,2
2018:09:02:21:09:59:364,813997,813911,86
2018:09:02:21:09:59:505,813997,813911,86
2018:09:02:21:09:59:600,813912,813911,1
2018:09:02:21:09:59:715,813912,813911,1
2018:09:02:21:09:59:827,813912,813911,1
2018:09:02:21:09:59:990,813912,813911,1
2018:09:02:21:10:00:082,813911,813849,62
2018:09:02:21:10:00:200,813981,813918,63
2018:09:02:21:10:00:304,813909,813885,24
2018:09:02:21:10:00:406,813909,813885,24
2018:09:02:21:10:00:502,813909,813885,24
2018:09:02:21:10:00:723,813909,813866,43
2018:09:02:21:10:00:853,813909,813866,43
2018:09:02:21:10:00:976,813902,813866,36
2018:09:02:21:10:01:087,813902,813866,36
2018:09:02:21:10:01:221,813902,813869,33
2018:09:02:21:10:01:345,813902,813869,33
2018:09:02:21:10:01:471,813902,813869,33
2018:09:02:21:10:01:686,813896,813871,25
2018:09:02:21:10:01:831,813908,813871,37
2018:09:02:21:10:01:942,813908,813886,22
2018:09:02:21:10:02:116,813839,813833,6
2018:09:02:21:10:02:402,813839,813833,6
2018:09:02:21:10:02:574,813839,813833,6
2018:09:02:21:10:02:697,813839,813833,6
2018:09:02:21:10:02:821,813879,813800,79
2018:09:02:21:10:02:978,813879,813800,79
2018:09:02:21:10:03:084,813879,813835,44
2018:09:02:21:10:03:243,813879,813835,44
2018:09:02:21:10:03:356,813872,813835,37
2018:09:02:21:10:03:487,813872,813835,37
2018:09:02:21:10:03:605,813869,813816,53
2018:09:02:21:10:03:755,813869,813816,53
2018:09:02:21:10:03:857,813869,813816,53
2018:09:02:21:10:03:983,813839,813800,39
2018:09:02:21:10:04:090,813839,813800,39
2018:09:02:21:10:04:203,813839,813800,39
2018:09:02:21:10:04:966,813871,813800,71
2018:09:02:21:10:05:098,813836,813810,26
2018:09:02:21:10:05:249,813826,813807,19
2018:09:02:21:10:05:360,813826,813807,19
2018:09:02:21:10:05:476,813826,813823,3
2018:09:02:21:10:05:601,813823,813820,3
2018:09:02:21:10:05:763,813821,813820,1
2018:09:02:21:10:05:896,813823,813820,3
2018:09:02:21:10:06:075,813821,813820,1
2018:09:02:21:10:06:199,813821,813820,1
2018:09:02:21:10:06:350,813821,813820,1
2018:09:02:21:10:06:460,813821,813820,1
2018:09:02:21:10:06:628,813821,813820,1
2018:09:02:21:10:06:796,813810,813749,61
2018:09:02:21:10:07:132,813707,813701,6
2018:09:02:21:10:07:243,813707,813600,107
2018:09:02:21:10:07:343,813707,813600,107
2018:09:02:21:10:07:467,813707,813600,107
2018:09:02:21:10:07:716,813809,813572,237
2018:09:02:21:10:07:899,813809,813572,237
2018:09:02:21:10:08:017,813710,813689,21
2018:09:02:21:10:08:168,813710,813689,21
2018:09:02:21:10:08:291,813706,813511,195
2018:09:02:21:10:08:456,813706,813511,195
2018:09:02:21:10:08:581,813706,813511,195
2018:09:02:21:10:08:731,813700,813664,36
2018:09:02:21:10:08:907,813700,813664,36
2018:09:02:21:10:09:116,813730,813573,157
2018:09:02:21:10:09:217,813730,813573,157
2018:09:02:21:10:09:323,813552,813500,52
2018:09:02:21:10:09:486,813572,813562,10
2018:09:02:21:10:09:595,813552,813500,52
2018:09:02:21:10:09:767,813552,813500,52
2018:09:02:21:10:09:899,813572,813562,10
2018:09:02:21:10:10:200,813572,813562,10
2018:09:02:21:10:10:364,813551,813502,49
2018:09:02:21:10:10:469,813549,813496,53
2018:09:02:21:10:10:595,813549,813496,53
2018:09:02:21:10:10:712,813549,813496,53
2018:09:02:21:10:10:825,813549,813510,39
2018:09:02:21:10:10:945,813551,813510,41
2018:09:02:21:10:11:071,813551,813510,41
2018:09:02:21:10:11:216,813551,813510,41
2018:09:02:21:10:11:324,813551,813496,55
2018:09:02:21:10:11:444,813569,813564,5
2018:09:02:21:10:11:585,813551,813496,55
2018:09:02:21:10:11:794,813542,813503,39
2018:09:02:21:10:11:912,813542,813503,39
2018:09:02:21:10:12:042,813542,813503,39
2018:09:02:21:10:12:159,813546,813496,50
2018:09:02:21:10:12:309,813546,813496,50
2018:09:02:21:10:12:592,813541,813520,21
2018:09:02:21:10:13:078,813541,813486,55
2018:09:02:21:10:13:424,813552,813550,2
2018:09:02:21:10:13:559,813538,813517,21
2018:09:02:21:10:13:720,813538,813517,21
2018:09:02:21:10:13:816,813527,813517,10
2018:09:02:21:10:13:937,813527,813517,10
2018:09:02:21:10:14:055,813527,813513,14
2018:09:02:21:10:14:170,813530,813528,2
2018:09:02:21:10:14:290,813527,813486,41
2018:09:02:21:10:14:407,813530,813528,2
2018:09:02:21:10:14:563,813540,813482,58
2018:09:02:21:10:14:693,813540,813482,58
2018:09:02:21:10:14:848,813540,813443,97
2018:09:02:21:10:14:991,813485,813463,22
2018:09:02:21:10:15:143,813540,813443,97
2018:09:02:21:10:15:311,813485,813436,49
2018:09:02:21:10:15:421,813521,813436,85
2018:09:02:21:10:15:558,813521,813420,101
2018:09:02:21:10:15:669,813521,813420,101
2018:09:02:21:10:15:771,813519,813500,19
2018:09:02:21:10:15:899,813432,813403,29
2018:09:02:21:10:16:018,813432,813403,29
2018:09:02:21:10:16:134,813432,813431,1
2018:09:02:21:10:16:232,813432,813403,29
2018:09:02:21:10:16:356,813432,813431,1
2018:09:02:21:10:16:626,813431,813410,21
2018:09:02:21:10:16:776,813422,813413,9
2018:09:02:21:10:16:910,813422,813375,47
2018:09:02:21:10:17:034,813422,813400,22
2018:09:02:21:10:17:208,813422,813400,22
2018:09:02:21:10:17:305,813422,813400,22
2018:09:02:21:10:17:412,813422,813421,1
2018:09:02:21:10:17:528,813422,813421,1
2018:09:02:21:10:17:663,813421,813418,3
2018:09:02:21:10:17:788,813421,813418,3
2018:09:02:21:10:17:901,813421,813418,3
2018:09:02:21:10:18:003,813431,813380,51
2018:09:02:21:10:18:104,813419,813350,69
2018:09:02:21:10:18:207,813431,813380,51
2018:09:02:21:10:18:306,813424,813423,1
2018:09:02:21:10:18:606,813424,813423,1
2018:09:02:21:10:18:703,813414,813387,27
2018:09:02:21:10:18:805,813414,813387,27
2018:09:02:21:10:18:903,813414,813387,27
2018:09:02:21:10:19:019,813414,813382,32
2018:09:02:21:10:19:137,813414,813382,32
2018:09:02:21:10:19:250,813413,813392,21
2018:09:02:21:10:19:348,813404,813392,12
2018:09:02:21:10:19:469,813404,813392,12
2018:09:02:21:10:19:578,813424,813392,32
2018:09:02:21:10:19:743,813424,813392,32
2018:09:02:21:10:19:993,813424,813392,32
2018:09:02:21:10:20:095,813523,813511,12
2018:09:02:21:10:20:218,813523,813511,12
2018:09:02:21:10:20:384,813523,813245,278
2018:09:02:21:10:20:590,813523,813511,12
2018:09:02:21:10:20:742,813432,813402,30
2018:09:02:21:10:20:872,813419,813396,23
2018:09:02:21:10:20:972,813380,813295,85
2018:09:02:21:10:21:092,813380,813295,85
2018:09:02:21:10:21:193,813380,813295,85
2018:09:02:21:10:21:436,813380,813367,13
2018:09:02:21:10:21:676,813360,813334,26
2018:09:02:21:10:21:826,813369,813319,50
2018:09:02:21:10:21:943,813348,813323,25
2018:09:02:21:10:22:035,813348,813323,25
2018:09:02:21:10:22:154,813348,813323,25
2018:09:02:21:10:22:279,813341,813331,10
2018:09:02:21:10:22:511,813377,813331,46
2018:09:02:21:10:22:614,813345,813326,19
2018:09:02:21:10:22:732,813345,813326,19
2018:09:02:21:10:22:904,813338,813326,12
2018:09:02:21:10:23:011,813328,813325,3
2018:09:02:21:10:23:155,813337,813329,8
2018:09:02:21:10:23:270,813337,813329,8
2018:09:02:21:10:23:413,813380,813324,56
2018:09:02:21:10:23:527,813377,813336,41
2018:09:02:21:10:23:618,813380,813324,56
2018:09:02:21:10:23:751,813377,813336,41
2018:09:02:21:10:23:878,813429,813362,67
2018:09:02:21:10:23:983,813429,813362,67
2018:09:02:21:10:24:133,813527,813486,41
2018:09:02:21:10:24:254,813519,813486,33
2018:09:02:21:10:24:360,813519,813486,33
2018:09:02:21:10:24:454,813509,813487,22
2018:09:02:21:10:24:543,813509,813506,3
2018:09:02:21:10:24:654,813509,813506,3
2018:09:02:21:10:24:787,813492,813487,5
2018:09:02:21:10:25:009,813492,813487,5
2018:09:02:21:10:25:112,813492,813487,5
2018:09:02:21:10:25:239,813492,813491,1
2018:09:02:21:10:25:353,813492,813491,1
2018:09:02:21:10:25:669,813492,813487,5
2018:09:02:21:10:25:799,813492,813487,5
2018:09:02:21:10:25:913,813492,813487,5
2018:09:02:21:10:26:025,813492,813487,5
2018:09:02:21:10:26:117,813492,813487,5
2018:09:02:21:10:26:245,813489,813488,1
2018:09:02:21:10:26:526,813489,813488,1
2018:09:02:21:10:26:816,813506,813488,18
2018:09:02:21:10:26:946,813506,813488,18
2018:09:02:21:10:27:068,813496,813491,5
2018:09:02:21:10:27:172,813496,813491,5
2018:09:02:21:10:27:282,813506,813351,155
2018:09:02:21:10:27:411,813455,813388,67
2018:09:02:21:10:27:526,813455,813388,67
2018:09:02:21:10:27:652,813455,813401,54
2018:09:02:21:10:27:766,813495,813395,100
2018:09:02:21:10:27:886,813445,813415,30
2018:09:02:21:10:27:985,813445,813415,30
2018:09:02:21:10:28:093,813445,813415,30
2018:09:02:21:10:28:199,813445,813415,30
2018:09:02:21:10:28:306,813432,813415,17
2018:09:02:21:10:28:443,813432,813415,17
2018:09:02:21:10:28:591,813432,813415,17
2018:09:02:21:10:28:780,813432,813415,17
2018:09:02:21:10:28:906,813432,813415,17
2018:09:02:21:10:29:035,813432,813416,16
2018:09:02:21:10:29:152,813429,813416,13
2018:09:02:21:10:29:258,813432,813416,16
2018:09:02:21:10:29:353,813432,813416,16
2018:09:02:21:10:29:569,813432,813426,6
2018:09:02:21:10:29:845,813432,813426,6
2018:09:02:21:10:29:949,813429,813426,3
2018:09:02:21:10:30:050,813432,813431,1
2018:09:02:21:10:30:150,813432,813431,1
2018:09:02:21:10:30:301,813432,813431,1
2018:09:02:21:10:30:421,813432,813431,1
2018:09:02:21:10:30:617,813422,813416,6
2018:09:02:21:10:30:754,813422,813416,6
2018:09:02:21:10:30:896,813422,813416,6
2018:09:02:21:10:31:184,813419,813375,44
2018:09:02:21:10:31:482,813432,813396,36
2018:09:02:21:10:31:589,813432,813399,33
2018:09:02:21:10:31:711,813431,813375,56
2018:09:02:21:10:31:830,813431,813375,56
2018:09:02:21:10:31:996,813431,813375,56
2018:09:02:21:10:32:191,813428,813375,53
2018:09:02:21:10:32:290,813428,813408,20
2018:09:02:21:10:32:381,813428,813408,20
2018:09:02:21:10:32:505,813428,813408,20
2018:09:02:21:10:32:619,813494,813408,86
2018:09:02:21:10:32:752,813494,813408,86
2018:09:02:21:10:32:859,813494,813408,86
2018:09:02:21:10:32:966,813493,813422,71
2018:09:02:21:10:33:100,813494,813415,79
2018:09:02:21:10:33:223,813493,813422,71
2018:09:02:21:10:33:339,813493,813422,71
2018:09:02:21:10:33:508,813493,813422,71
2018:09:02:21:10:33:764,813492,813429,63
2018:09:02:21:10:33:880,813445,813435,10
2018:09:02:21:10:33:987,813445,813435,10
2018:09:02:21:10:34:122,813454,813450,4
2018:09:02:21:10:34:250,813454,813450,4
2018:09:02:21:10:34:360,813454,813450,4
2018:09:02:21:10:34:462,813491,813483,8
2018:09:02:21:10:34:572,813556,813555,1
2018:09:02:21:10:34:750,813556,813555,1
2018:09:02:21:10:35:055,813556,813555,1
2018:09:02:21:10:35:177,813557,813556,1
2018:09:02:21:10:35:282,813556,813555,1
2018:09:02:21:10:35:541,813556,813555,1
2018:09:02:21:10:35:826,813557,813555,2
2018:09:02:21:10:35:951,813557,813555,2
2018:09:02:21:10:36:055,813541,813506,35
2018:09:02:21:10:36:194,813529,813484,45
2018:09:02:21:10:36:313,813522,813505,17
2018:09:02:21:10:36:511,813521,813505,16
2018:09:02:21:10:36:624,813521,813505,16
2018:09:02:21:10:36:740,813521,813505,16
2018:09:02:21:10:36:843,813521,813505,16
2018:09:02:21:10:36:963,813521,813505,16
2018:09:02:21:10:37:096,813521,813505,16
2018:09:02:21:10:37:203,813511,813508,3
2018:09:02:21:10:37:307,813511,813508,3
2018:09:02:21:10:37:432,813521,813505,16
2018:09:02:21:10:37:730,813511,813508,3
2018:09:02:21:10:37:878,813500,813462,38
2018:09:02:21:10:38:004,813500,813462,38
2018:09:02:21:10:38:104,813500,813462,38
2018:09:02:21:10:38:228,813500,813462,38
2018:09:02:21:10:38:339,813500,813462,38
2018:09:02:21:10:38:457,813499,813462,37
2018:09:02:21:10:38:737,813490,813465,25
2018:09:02:21:10:38:854,813490,813468,22
2018:09:02:21:10:39:001,813490,813468,22
2018:09:02:21:10:39:317,813490,813468,22
2018:09:02:21:10:39:415,813499,813436,63
2018:09:02:21:10:39:516,813492,813375,117
2018:09:02:21:10:39:636,813492,813386,106
2018:09:02:21:10:39:757,813463,813387,76
2018:09:02:21:10:39:883,813463,813387,76
2018:09:02:21:10:39:988,813453,813387,66
2018:09:02:21:10:40:096,813388,813387,1
2018:09:02:21:10:40:226,813453,813393,60
2018:09:02:21:10:40:320,813443,813394,49
2018:09:02:21:10:40:454,813443,813394,49
2018:09:02:21:10:40:570,813443,813394,49
2018:09:02:21:10:40:715,813443,813394,49
2018:09:02:21:10:40:846,813450,813403,47
2018:09:02:21:10:40:986,813450,813403,47
2018:09:02:21:10:41:160,813436,813408,28
2018:09:02:21:10:41:272,813412,813408,4
2018:09:02:21:10:41:384,813436,813403,33
2018:09:02:21:10:41:508,813436,813403,33
2018:09:02:21:10:41:776,813436,813403,33
2018:09:02:21:10:41:889,813428,813387,41
2018:09:02:21:10:42:002,813428,813386,42
2018:09:02:21:10:42:263,813428,813386,42
2018:09:02:21:10:42:393,813426,813401,25
2018:09:02:21:10:42:514,813417,813362,55
2018:09:02:21:10:42:624,813426,813401,25
2018:09:02:21:10:42:751,813417,813380,37
2018:09:02:21:10:42:857,813417,813380,37
2018:09:02:21:10:42:971,813417,813380,37
2018:09:02:21:10:43:085,813418,813395,23
2018:09:02:21:10:43:210,813418,813395,23
2018:09:02:21:10:43:322,813418,813395,23
2018:09:02:21:10:43:475,813418,813395,23
2018:09:02:21:10:43:573,813418,813398,20
2018:09:02:21:10:43:737,813417,813408,9
2018:09:02:21:10:43:925,813418,813398,20
2018:09:02:21:10:44:049,813417,813408,9
2018:09:02:21:10:44:148,813412,813410,2
2018:09:02:21:10:44:316,813412,813408,4
2018:09:02:21:10:44:454,813409,813408,1
2018:09:02:21:10:44:585,813415,813408,7
2018:09:02:21:10:44:708,813409,813408,1
2018:09:02:21:10:44:829,813412,813408,4
2018:09:02:21:10:44:951,813409,813408,1
2018:09:02:21:10:45:054,813412,813408,4
2018:09:02:21:10:45:167,813412,813411,1
2018:09:02:21:10:45:388,813418,813411,7
2018:09:02:21:10:45:504,813418,813411,7
2018:09:02:21:10:45:654,813418,813411,7
2018:09:02:21:10:45:761,813418,813411,7
2018:09:02:21:10:45:886,813418,813411,7
2018:09:02:21:10:45:996,813418,813300,118
2018:09:02:21:10:46:103,813384,813348,36
2018:09:02:21:10:46:220,813384,813348,36
2018:09:02:21:10:46:359,813384,813348,36
2018:09:02:21:10:46:480,813365,813348,17
2018:09:02:21:10:46:603,813365,813354,11
2018:09:02:21:10:46:924,813375,813368,7
2018:09:02:21:10:47:081,813375,813373,2
2018:09:02:21:10:47:367,813375,813366,9
2018:09:02:21:10:47:483,813368,813364,4
2018:09:02:21:10:47:586,813368,813364,4
2018:09:02:21:10:47:720,813368,813364,4
2018:09:02:21:10:47:834,813368,813364,4
2018:09:02:21:10:48:154,813368,813364,4
2018:09:02:21:10:48:256,813357,813334,23
2018:09:02:21:10:48:370,813368,813367,1
2018:09:02:21:10:48:469,813368,813367,1
2018:09:02:21:10:48:584,813358,813334,24
2018:09:02:21:10:48:676,813358,813334,24
2018:09:02:21:10:48:831,813358,813334,24
2018:09:02:21:10:48:929,813358,813357,1
2018:09:02:21:10:49:028,813358,813357,1
2018:09:02:21:10:49:151,813358,813357,1
2018:09:02:21:10:49:251,813358,813357,1
2018:09:02:21:10:49:348,813358,813357,1
2018:09:02:21:10:49:477,813358,813357,1
2018:09:02:21:10:49:574,813368,813367,1
2018:09:02:21:10:49:788,813368,813367,1
2018:09:02:21:10:50:072,813458,813428,30
2018:09:02:21:10:50:173,813458,813428,30
2018:09:02:21:10:50:282,813430,813428,2
2018:09:02:21:10:50:391,813430,813428,2
2018:09:02:21:10:50:502,813430,813428,2
2018:09:02:21:10:50:609,813430,813428,2
2018:09:02:21:10:50:731,813430,813428,2
2018:09:02:21:10:50:854,813429,813428,1
2018:09:02:21:10:51:118,813429,813428,1
2018:09:02:21:10:51:209,813429,813428,1
2018:09:02:21:10:51:350,813429,813428,1
2018:09:02:21:10:51:473,813429,813428,1
2018:09:02:21:10:51:596,813429,813428,1
2018:09:02:21:10:51:825,813429,813428,1
2018:09:02:21:10:51:951,813429,813428,1
2018:09:02:21:10:52:051,813429,813428,1
2018:09:02:21:10:52:150,813429,813428,1
2018:09:02:21:10:52:243,813429,813428,1
2018:09:02:21:10:52:350,813421,813379,42
2018:09:02:21:10:52:478,813421,813379,42
2018:09:02:21:10:52:625,813421,813379,42
2018:09:02:21:10:52:721,813418,813379,39
2018:09:02:21:10:52:829,813395,813379,16
2018:09:02:21:10:52:936,813395,813382,13
2018:09:02:21:10:53:051,813395,813382,13
2018:09:02:21:10:53:269,813395,813379,16
2018:09:02:21:10:53:410,813394,813382,12
2018:09:02:21:10:53:551,813394,813382,12
2018:09:02:21:10:53:646,813394,813382,12
2018:09:02:21:10:53:744,813400,813385,15
2018:09:02:21:10:53:884,813400,813385,15
2018:09:02:21:10:53:989,813387,813385,2
2018:09:02:21:10:54:103,813387,813385,2
2018:09:02:21:10:54:209,813387,813385,2
2018:09:02:21:10:54:332,813386,813385,1
2018:09:02:21:10:54:430,813386,813385,1
2018:09:02:21:10:54:546,813386,813385,1
2018:09:02:21:10:54:670,813386,813385,1
2018:09:02:21:10:54:871,813386,813378,8
2018:09:02:21:10:54:976,813391,813378,13
2018:09:02:21:10:55:090,813391,813381,10
2018:09:02:21:10:55:254,813391,813381,10
2018:09:02:21:10:55:359,813399,813383,16
2018:09:02:21:10:55:481,813391,813371,20
2018:09:02:21:10:55:620,813391,813300,91
2018:09:02:21:10:55:716,813391,813300,91
2018:09:02:21:10:55:819,813391,813300,91
2018:09:02:21:10:55:928,813391,813300,91
2018:09:02:21:10:56:214,813384,813345,39
2018:09:02:21:10:56:416,813384,813300,84
2018:09:02:21:10:56:535,813384,813300,84
2018:09:02:21:10:56:633,813384,813360,24
2018:09:02:21:10:56:737,813373,813321,52
2018:09:02:21:10:56:836,813373,813321,52
2018:09:02:21:10:56:947,813373,813321,52
2018:09:02:21:10:57:080,813373,813300,73
2018:09:02:21:10:57:188,813373,813321,52
2018:09:02:21:10:57:307,813373,813300,73
2018:09:02:21:10:57:492,813382,813307,75
2018:09:02:21:10:57:722,813370,813335,35
2018:09:02:21:10:57:998,813370,813335,35
2018:09:02:21:10:58:110,813364,813335,29
2018:09:02:21:10:58:230,813364,813335,29
2018:09:02:21:10:58:358,813364,813335,29
2018:09:02:21:10:58:495,813364,813335,29
2018:09:02:21:10:58:623,813364,813335,29
2018:09:02:21:10:58:757,813400,813335,65
2018:09:02:21:10:59:031,813400,813338,62
2018:09:02:21:10:59:361,813393,813338,55
2018:09:02:21:10:59:529,813400,813366,34
2018:09:02:21:10:59:746,813386,813366,20
2018:09:02:21:10:59:873,813400,813343,57
2018:09:02:21:11:00:165,813400,813343,57
2018:09:02:21:11:00:286,813376,813344,32
2018:09:02:21:11:00:403,813376,813344,32
2018:09:02:21:11:00:500,813386,813348,38
2018:09:02:21:11:00:618,813386,813348,38
2018:09:02:21:11:00:771,813386,813348,38
2018:09:02:21:11:00:895,813386,813358,28
2018:09:02:21:11:00:998,813385,813358,27
2018:09:02:21:11:01:129,813367,813358,9
2018:09:02:21:11:01:255,813367,813358,9
2018:09:02:21:11:01:367,813383,813358,25
2018:09:02:21:11:01:503,813367,813358,9
2018:09:02:21:11:01:937,813383,813358,25
2018:09:02:21:11:02:045,813380,813345,35
2018:09:02:21:11:02:958,813386,813345,41
2018:09:02:21:11:03:177,813371,813355,16
2018:09:02:21:11:03:290,813378,813345,33
2018:09:02:21:11:03:402,813378,813345,33
2018:09:02:21:11:03:533,813378,813345,33
2018:09:02:21:11:03:688,813378,813345,33
2018:09:02:21:11:03:848,813378,813359,19
2018:09:02:21:11:04:018,813378,813348,30
2018:09:02:21:11:04:147,813378,813359,19
2018:09:02:21:11:04:242,813395,813359,36
2018:09:02:21:11:04:345,813395,813359,36
2018:09:02:21:11:04:478,813378,813359,19
2018:09:02:21:11:04:802,813426,813386,40
2018:09:02:21:11:04:900,813419,813410,9
2018:09:02:21:11:05:039,813419,813410,9
2018:09:02:21:11:05:151,813419,813410,9
2018:09:02:21:11:05:273,813419,813410,9
2018:09:02:21:11:05:394,813419,813410,9
2018:09:02:21:11:05:511,813419,813410,9
2018:09:02:21:11:05:690,813411,813410,1
2018:09:02:21:11:05:829,813411,813410,1
2018:09:02:21:11:05:940,813425,813410,15
2018:09:02:21:11:06:375,813425,813410,15
2018:09:02:21:11:06:512,813491,813483,8
2018:09:02:21:11:06:633,813488,813437,51
2018:09:02:21:11:06:811,813488,813437,51
2018:09:02:21:11:06:948,813480,813437,43
2018:09:02:21:11:07:086,813491,813485,6
2018:09:02:21:11:07:233,813491,813485,6
2018:09:02:21:11:07:362,813495,813485,10
2018:09:02:21:11:07:568,813483,813442,41
2018:09:02:21:11:07:697,813481,813442,39
2018:09:02:21:11:08:047,813483,813442,41
2018:09:02:21:11:08:190,813490,813440,50
2018:09:02:21:11:08:301,813490,813443,47
2018:09:02:21:11:08:429,813490,813445,45
2018:09:02:21:11:08:743,813490,813445,45
2018:09:02:21:11:08:932,813490,813445,45
2018:09:02:21:11:09:093,813490,813400,90
2018:09:02:21:11:09:238,813490,813400,90
2018:09:02:21:11:09:340,813480,813407,73
2018:09:02:21:11:09:457,813480,813407,73
2018:09:02:21:11:09:569,813442,813418,24
2018:09:02:21:11:09:686,813465,813421,44
2018:09:02:21:11:09:900,813465,813421,44
2018:09:02:21:11:10:028,813465,813414,51
2018:09:02:21:11:10:147,813465,813414,51
2018:09:02:21:11:10:265,813499,813424,75
2018:09:02:21:11:10:382,813452,813442,10
2018:09:02:21:11:10:488,813452,813442,10
2018:09:02:21:11:10:652,813452,813442,10
2018:09:02:21:11:10:821,813452,813442,10
2018:09:02:21:11:10:992,813452,813442,10
2018:09:02:21:11:11:121,813449,813448,1
2018:09:02:21:11:11:267,813488,813442,46
2018:09:02:21:11:11:402,813498,813460,38
2018:09:02:21:11:11:522,813498,813460,38
2018:09:02:21:11:11:686,813498,813460,38
2018:09:02:21:11:11:833,813498,813460,38
2018:09:02:21:11:11:965,813497,813461,36
2018:09:02:21:11:12:167,813497,813461,36
2018:09:02:21:11:12:316,813497,813463,34
2018:09:02:21:11:12:454,813497,813463,34
2018:09:02:21:11:12:600,813497,813463,34
2018:09:02:21:11:12:743,813497,813442,55
2018:09:02:21:11:12:869,813497,813442,55
2018:09:02:21:11:13:033,813497,813468,29
2018:09:02:21:11:13:161,813494,813468,26
2018:09:02:21:11:13:303,813498,813473,25
2018:09:02:21:11:13:418,813497,813473,24
2018:09:02:21:11:13:571,813498,813473,25
2018:09:02:21:11:13:918,813498,813486,12
2018:09:02:21:11:14:048,813498,813486,12
2018:09:02:21:11:14:163,813498,813486,12
2018:09:02:21:11:14:262,813498,813491,7
2018:09:02:21:11:14:378,813500,813491,9
2018:09:02:21:11:14:490,813500,813491,9
2018:09:02:21:11:14:597,813500,813491,9
2018:09:02:21:11:14:777,813500,813491,9
2018:09:02:21:11:14:894,813500,813491,9
2018:09:02:21:11:15:042,813521,813500,21
2018:09:02:21:11:15:178,813521,813500,21
2018:09:02:21:11:15:347,813521,813500,21
2018:09:02:21:11:15:446,813521,813520,1
2018:09:02:21:11:15:625,813521,813520,1
2018:09:02:21:11:15:748,813521,813520,1
2018:09:02:21:11:15:864,813590,813521,69
2018:09:02:21:11:16:132,813590,813521,69
2018:09:02:21:11:16:272,813590,813521,69
2018:09:02:21:11:16:373,813606,813530,76
2018:09:02:21:11:16:483,813606,813530,76
2018:09:02:21:11:16:642,813606,813530,76
2018:09:02:21:11:16:778,813576,813555,21
2018:09:02:21:11:16:923,813606,813530,76
2018:09:02:21:11:17:076,813699,813555,144
2018:09:02:21:11:17:210,813699,813555,144
2018:09:02:21:11:17:365,813700,813579,121
2018:09:02:21:11:17:568,813590,813521,69
2018:09:02:21:11:17:678,813676,813608,68
2018:09:02:21:11:17:867,813671,813643,28
2018:09:02:21:11:18:238,813676,813648,28
2018:09:02:21:11:18:429,813668,813648,20
2018:09:02:21:11:18:564,813676,813654,22
2018:09:02:21:11:18:679,813668,813648,20
2018:09:02:21:11:18:804,813676,813654,22
2018:09:02:21:11:18:958,813688,813676,12
2018:09:02:21:11:19:094,813688,813654,34
2018:09:02:21:11:19:215,813694,813683,11
2018:09:02:21:11:19:329,813688,813676,12
2018:09:02:21:11:19:438,813697,813686,11
2018:09:02:21:11:19:549,813686,813676,10
2018:09:02:21:11:19:678,813685,813676,9
2018:09:02:21:11:19:885,813685,813676,9
2018:09:02:21:11:19:985,813700,813676,24
2018:09:02:21:11:20:127,813682,813676,6
2018:09:02:21:11:20:270,813682,813676,6
2018:09:02:21:11:20:378,813700,813677,23
2018:09:02:21:11:20:485,813700,813677,23
2018:09:02:21:11:20:607,813679,813677,2
2018:09:02:21:11:20:761,813700,813681,19
2018:09:02:21:11:20:885,813700,813681,19
2018:09:02:21:11:20:975,813700,813681,19
2018:09:02:21:11:21:077,813700,813684,16
2018:09:02:21:11:21:197,813700,813684,16
2018:09:02:21:11:21:482,813699,813682,17
2018:09:02:21:11:21:603,813699,813682,17
2018:09:02:21:11:21:771,813700,813682,18
2018:09:02:21:11:21:876,813685,813683,2
2018:09:02:21:11:22:002,813700,813685,15
2018:09:02:21:11:22:111,813700,813685,15
2018:09:02:21:11:22:225,813700,813686,14
2018:09:02:21:11:22:345,813700,813686,14
2018:09:02:21:11:22:466,813700,813686,14
2018:09:02:21:11:22:609,813700,813686,14
2018:09:02:21:11:22:831,813697,813687,10
2018:09:02:21:11:23:202,813715,813687,28
2018:09:02:21:11:23:332,813718,813715,3
2018:09:02:21:11:23:444,813726,813715,11
2018:09:02:21:11:23:552,813717,813715,2
2018:09:02:21:11:23:674,813717,813715,2
2018:09:02:21:11:23:786,813717,813715,2
2018:09:02:21:11:23:906,813717,813715,2
2018:09:02:21:11:24:051,813717,813715,2
2018:09:02:21:11:24:162,813769,813724,45
2018:09:02:21:11:24:312,813769,813724,45
2018:09:02:21:11:24:429,813769,813731,38
2018:09:02:21:11:24:570,813790,813724,66
2018:09:02:21:11:24:679,813787,813731,56
2018:09:02:21:11:24:778,813787,813731,56
2018:09:02:21:11:24:890,813787,813731,56
2018:09:02:21:11:25:080,813787,813741,46
2018:09:02:21:11:25:278,813789,813741,48
2018:09:02:21:11:25:377,813789,813741,48
2018:09:02:21:11:25:483,813789,813741,48
2018:09:02:21:11:25:614,813788,813724,64
2018:09:02:21:11:25:825,813788,813724,64
2018:09:02:21:11:26:745,813776,813731,45
2018:09:02:21:11:26:870,813769,813714,55
2018:09:02:21:11:26:988,813769,813717,52
2018:09:02:21:11:27:093,813762,813731,31
2018:09:02:21:11:27:223,813762,813731,31
2018:09:02:21:11:27:319,813762,813731,31
2018:09:02:21:11:27:412,813762,813731,31
2018:09:02:21:11:27:518,813762,813731,31
2018:09:02:21:11:27:623,813762,813731,31
2018:09:02:21:11:27:800,813762,813731,31
2018:09:02:21:11:27:981,813741,813681,60
2018:09:02:21:11:28:097,813762,813555,207
2018:09:02:21:11:28:213,813741,813681,60
2018:09:02:21:11:28:329,813741,813681,60
2018:09:02:21:11:28:465,813741,813681,60
2018:09:02:21:11:28:592,813741,813681,60
2018:09:02:21:11:28:794,813741,813681,60
2018:09:02:21:11:28:916,813691,813559,132
2018:09:02:21:11:29:051,813691,813559,132
2018:09:02:21:11:29:282,813555,813505,50
2018:09:02:21:11:29:511,813638,813597,41
2018:09:02:21:11:29:688,813555,813505,50
2018:09:02:21:11:29:780,813545,813510,35
2018:09:02:21:11:29:882,813545,813510,35
2018:09:02:21:11:29:991,813545,813510,35
2018:09:02:21:11:30:096,813545,813510,35
2018:09:02:21:11:30:209,813545,813510,35
2018:09:02:21:11:30:430,813616,813600,16
2018:09:02:21:11:30:539,813614,813600,14
2018:09:02:21:11:30:679,813614,813600,14
2018:09:02:21:11:30:799,813614,813605,9
2018:09:02:21:11:31:219,813655,813615,40
2018:09:02:21:11:31:340,813655,813615,40
2018:09:02:21:11:31:793,813648,813625,23
2018:09:02:21:11:31:892,813641,813602,39
2018:09:02:21:11:31:998,813641,813635,6
2018:09:02:21:11:32:126,813640,813635,5
2018:09:02:21:11:32:223,813640,813635,5
2018:09:02:21:11:32:359,813638,813635,3
2018:09:02:21:11:32:536,813654,813645,9
2018:09:02:21:11:32:982,813654,813638,16
2018:09:02:21:11:33:095,813654,813635,19
2018:09:02:21:11:33:292,813680,813635,45
2018:09:02:21:11:33:426,813680,813665,15
2018:09:02:21:11:33:575,813656,813638,18
2018:09:02:21:11:34:743,813680,813638,42
2018:09:02:21:11:34:950,813656,813655,1
2018:09:02:21:11:35:096,813656,813655,1
2018:09:02:21:11:35:198,813680,813658,22
2018:09:02:21:11:35:316,813680,813658,22
2018:09:02:21:11:35:433,813680,813658,22
2018:09:02:21:11:36:588,813679,813658,21
2018:09:02:21:11:37:406,813693,813676,17
2018:09:02:21:11:37:784,813697,813681,16
2018:09:02:21:11:37:890,813697,813681,16
2018:09:02:21:11:37:999,813697,813681,16
2018:09:02:21:11:38:137,813697,813681,16
2018:09:02:21:11:38:236,813697,813682,15
2018:09:02:21:11:38:358,813697,813682,15
2018:09:02:21:11:38:454,813690,813682,8
2018:09:02:21:11:38:611,813697,813682,15
2018:09:02:21:11:38:755,813687,813682,5
2018:09:02:21:11:38:860,813687,813682,5
2018:09:02:21:11:38:970,813687,813682,5
2018:09:02:21:11:39:115,813684,813682,2
2018:09:02:21:11:39:293,813684,813682,2
2018:09:02:21:11:39:397,813684,813682,2
2018:09:02:21:11:39:507,813684,813682,2
2018:09:02:21:11:40:593,813684,813682,2
2018:09:02:21:11:40:700,813699,813682,17
2018:09:02:21:11:40:814,813699,813690,9
2018:09:02:21:11:40:939,813699,813690,9
2018:09:02:21:11:41:056,813699,813690,9
2018:09:02:21:11:41:155,813699,813690,9
2018:09:02:21:11:41:276,813699,813690,9
2018:09:02:21:11:41:383,813699,813690,9
2018:09:02:21:11:41:578,813696,813690,6
2018:09:02:21:11:41:707,813696,813690,6
2018:09:02:21:11:42:001,813696,813690,6
2018:09:02:21:11:43:440,813497,813495,2
2018:09:02:21:11:43:593,813648,813585,63
2018:09:02:21:11:43:803,813648,813586,62
2018:09:02:21:11:43:956,813648,813586,62
2018:09:02:21:11:44:080,813635,813602,33
2018:09:02:21:11:44:230,813635,813602,33
2018:09:02:21:11:44:362,813632,813603,29
2018:09:02:21:11:44:489,813632,813603,29
2018:09:02:21:11:44:598,813632,813603,29
2018:09:02:21:11:44:713,813632,813603,29
2018:09:02:21:11:44:823,813632,813603,29
2018:09:02:21:11:45:908,813632,813603,29
2018:09:02:21:11:46:044,813688,813616,72
2018:09:02:21:11:46:383,813688,813616,72
2018:09:02:21:11:46:502,813681,813635,46
2018:09:02:21:11:46:629,813681,813635,46
2018:09:02:21:11:47:696,813681,813637,44
2018:09:02:21:11:47:845,813664,813650,14
2018:09:02:21:11:47:994,813663,813654,9
2018:09:02:21:11:48:132,813663,813654,9
2018:09:02:21:11:48:277,813663,813661,2
2018:09:02:21:11:48:388,813734,813665,69
2018:09:02:21:11:48:510,813734,813664,70
2018:09:02:21:11:48:621,813758,813700,58
2018:09:02:21:11:48:774,813758,813700,58
2018:09:02:21:11:49:671,813731,813707,24
2018:09:02:21:11:49:819,813788,813708,80
2018:09:02:21:11:49:936,813787,813714,73
2018:09:02:21:11:50:053,813787,813714,73
2018:09:02:21:11:50:210,813715,813700,15
2018:09:02:21:11:50:371,813715,813682,33
2018:09:02:21:11:50:533,813715,813682,33
2018:09:02:21:11:51:446,813714,813666,48
2018:09:02:21:11:51:598,813714,813666,48
2018:09:02:21:11:51:742,813681,813631,50
2018:09:02:21:11:51:868,813681,813631,50
2018:09:02:21:11:52:029,813681,813631,50
2018:09:02:21:11:53:055,813652,813624,28
2018:09:02:21:11:53:228,813529,813517,12
2018:09:02:21:11:53:412,813529,813517,12
2018:09:02:21:11:53:548,813509,813504,5
2018:09:02:21:11:53:670,813509,813504,5
2018:09:02:21:11:53:782,813509,813504,5
2018:09:02:21:11:53:899,813509,813504,5
2018:09:02:21:11:54:023,813509,813504,5
2018:09:02:21:11:55:074,813528,813524,4
2018:09:02:21:11:55:245,813563,813537,26
2018:09:02:21:11:55:655,813528,813524,4
2018:09:02:21:11:56:671,813563,813528,35
2018:09:02:21:11:56:793,813619,813529,90
2018:09:02:21:11:56:929,813555,813505,50
2018:09:02:21:11:57:048,813532,813518,14
2018:09:02:21:11:57:290,813532,813518,14
2018:09:02:21:11:57:422,813522,813520,2
2018:09:02:21:11:57:533,813522,813515,7
2018:09:02:21:11:57:657,813522,813518,4
2018:09:02:21:11:57:764,813522,813518,4
2018:09:02:21:11:59:441,813522,813518,4
2018:09:02:21:11:59:637,813489,813451,38
2018:09:02:21:11:59:789,813495,813464,31
2018:09:02:21:11:59:918,813495,813464,31
2018:09:02:21:12:01:030,813495,813444,51
2018:09:02:21:12:01:162,813475,813453,22
2018:09:02:21:12:01:293,813475,813453,22
2018:09:02:21:12:01:458,813474,813453,21
2018:09:02:21:12:01:798,813474,813463,11
2018:09:02:21:12:02:012,813464,813453,11
2018:09:02:21:12:02:196,813464,813453,11
2018:09:02:21:12:03:200,813453,813443,10
2018:09:02:21:12:03:320,813462,813442,20
2018:09:02:21:12:03:447,813452,813445,7
2018:09:02:21:12:03:558,813462,813447,15
2018:09:02:21:12:03:664,813462,813445,17
2018:09:02:21:12:03:785,813462,813447,15
2018:09:02:21:12:03:956,813462,813447,15
2018:09:02:21:12:04:059,813462,813443,19
2018:09:02:21:12:04:166,813462,813448,14
2018:09:02:21:12:04:407,813462,813448,14
2018:09:02:21:12:04:545,813461,813458,3
2018:09:02:21:12:04:704,813461,813458,3
2018:09:02:21:12:04:839,813461,813458,3
2018:09:02:21:12:04:943,813460,813451,9
2018:09:02:21:12:05:051,813458,813450,8
2018:09:02:21:12:05:179,813458,813450,8
2018:09:02:21:12:05:363,813455,813451,4
2018:09:02:21:12:05:631,813455,813451,4
2018:09:02:21:12:05:744,813457,813450,7
2018:09:02:21:12:05:930,813457,813450,7
2018:09:02:21:12:07:018,813456,813454,2
2018:09:02:21:12:07:173,813462,813455,7
2018:09:02:21:12:07:274,813462,813443,19
2018:09:02:21:12:07:408,813457,813443,14
2018:09:02:21:12:07:525,813462,813455,7
2018:09:02:21:12:07:621,813471,813456,15
2018:09:02:21:12:07:772,813471,813456,15
2018:09:02:21:12:07:879,813462,813455,7
2018:09:02:21:12:07:970,813465,813456,9
2018:09:02:21:12:08:070,813462,813455,7
2018:09:02:21:12:08:183,813462,813455,7
2018:09:02:21:12:08:297,813459,813455,4
2018:09:02:21:12:08:395,813471,813467,4
2018:09:02:21:12:08:504,813471,813467,4
2018:09:02:21:12:08:628,813471,813467,4
2018:09:02:21:12:08:749,813471,813467,4
2018:09:02:21:12:08:851,813471,813467,4
2018:09:02:21:12:08:973,813471,813467,4
2018:09:02:21:12:09:082,813471,813468,3
2018:09:02:21:12:09:187,813471,813467,4
2018:09:02:21:12:09:289,813471,813468,3
2018:09:02:21:12:09:426,813471,813468,3
2018:09:02:21:12:09:679,813471,813468,3
2018:09:02:21:12:09:866,813470,813469,1
2018:09:02:21:12:10:023,813470,813469,1
2018:09:02:21:12:10:128,813471,813470,1
2018:09:02:21:12:10:230,813471,813470,1
2018:09:02:21:12:10:326,813471,813470,1
2018:09:02:21:12:10:425,813471,813470,1
2018:09:02:21:12:10:553,813471,813470,1
2018:09:02:21:12:10:694,813471,813470,1
2018:09:02:21:12:10:807,813470,813455,15
2018:09:02:21:12:10:956,813471,813470,1
2018:09:02:21:12:11:274,813497,813480,17
2018:09:02:21:12:11:401,813497,813480,17
2018:09:02:21:12:11:522,813477,813446,31
2018:09:02:21:12:11:684,813477,813446,31
2018:09:02:21:12:11:936,813466,813442,24
2018:09:02:21:12:12:053,813466,813442,24
2018:09:02:21:12:12:183,813465,813442,23
2018:09:02:21:12:12:291,813446,813443,3
2018:09:02:21:12:12:470,813446,813442,4
2018:09:02:21:12:12:614,813446,813442,4
2018:09:02:21:12:12:887,813443,813442,1
2018:09:02:21:12:13:022,813443,813442,1
2018:09:02:21:12:13:149,813443,813442,1
2018:09:02:21:12:13:306,813445,813443,2
2018:09:02:21:12:13:442,813445,813443,2
2018:09:02:21:12:13:592,813445,813443,2
2018:09:02:21:12:13:779,813444,813443,1
2018:09:02:21:12:13:949,813444,813443,1
2018:09:02:21:12:14:099,813444,813443,1
2018:09:02:21:12:14:240,813444,813443,1
2018:09:02:21:12:15:162,813443,813442,1
2018:09:02:21:12:15:326,813444,813442,2
2018:09:02:21:12:15:496,813443,813442,1
2018:09:02:21:12:15:601,813463,813443,20
2018:09:02:21:12:15:824,813463,813443,20
2018:09:02:21:12:15:934,813462,813456,6
2018:09:02:21:12:16:084,813462,813456,6
2018:09:02:21:12:16:279,813462,813444,18
2018:09:02:21:12:16:401,813459,813444,15
2018:09:02:21:12:16:515,813456,813444,12
2018:09:02:21:12:16:644,813456,813444,12
2018:09:02:21:12:16:745,813456,813444,12
2018:09:02:21:12:16:847,813456,813444,12
2018:09:02:21:12:16:954,813456,813445,11
2018:09:02:21:12:17:130,813456,813445,11
2018:09:02:21:12:17:310,813455,813448,7
2018:09:02:21:12:17:421,813455,813448,7
2018:09:02:21:12:17:541,813455,813448,7
2018:09:02:21:12:17:651,813455,813448,7
2018:09:02:21:12:17:780,813455,813451,4
2018:09:02:21:12:17:921,813448,813445,3
2018:09:02:21:12:18:043,813448,813446,2
2018:09:02:21:12:18:173,813448,813446,2
2018:09:02:21:12:18:276,813448,813446,2
2018:09:02:21:12:18:383,813448,813446,2
2018:09:02:21:12:18:518,813448,813435,13
2018:09:02:21:12:18:657,813445,813435,10
2018:09:02:21:12:18:854,813447,813435,12
2018:09:02:21:12:19:648,813447,813438,9
2018:09:02:21:12:19:823,813447,813441,6
2018:09:02:21:12:19:966,813447,813441,6
2018:09:02:21:12:20:312,813465,813441,24
2018:09:02:21:12:20:427,813447,813444,3
2018:09:02:21:12:20:541,813443,813435,8
2018:09:02:21:12:20:639,813465,813453,12
2018:09:02:21:12:20:785,813443,813435,8
2018:09:02:21:12:20:906,813465,813453,12
2018:09:02:21:12:21:171,813462,813444,18
2018:09:02:21:12:21:284,813462,813444,18
2018:09:02:21:12:21:386,813462,813444,18
2018:09:02:21:12:21:491,813462,813443,19
2018:09:02:21:12:21:591,813462,813443,19
2018:09:02:21:12:21:757,813459,813444,15
2018:09:02:21:12:21:872,813459,813444,15
2018:09:02:21:12:21:983,813456,813452,4
2018:09:02:21:12:22:086,813456,813452,4
2018:09:02:21:12:22:247,813456,813452,4
2018:09:02:21:12:22:538,813456,813452,4
2018:09:02:21:12:22:654,813465,813462,3
2018:09:02:21:12:22:772,813465,813462,3
2018:09:02:21:12:22:869,813464,813462,2
2018:09:02:21:12:22:972,813464,813462,2
2018:09:02:21:12:23:074,813464,813462,2
2018:09:02:21:12:23:187,813464,813462,2
2018:09:02:21:12:23:328,813464,813462,2
2018:09:02:21:12:23:438,813464,813462,2
2018:09:02:21:12:23:569,813464,813462,2
2018:09:02:21:12:23:714,813464,813462,2
2018:09:02:21:12:23:826,813462,813452,10
2018:09:02:21:12:23:951,813462,813452,10
2018:09:02:21:12:24:080,813461,813443,18
2018:09:02:21:12:24:350,813461,813443,18
2018:09:02:21:12:24:452,813461,813453,8
2018:09:02:21:12:24:552,813461,813453,8
2018:09:02:21:12:24:655,813461,813453,8
2018:09:02:21:12:24:770,813443,813401,42
2018:09:02:21:12:24:891,813443,813401,42
2018:09:02:21:12:24:996,813443,813401,42
2018:09:02:21:12:25:110,813414,813401,13
2018:09:02:21:12:25:251,813414,813404,10
2018:09:02:21:12:25:355,813414,813404,10
2018:09:02:21:12:25:471,813414,813404,10
2018:09:02:21:12:25:617,813414,813404,10
2018:09:02:21:12:25:743,813396,813394,2
2018:09:02:21:12:26:007,813386,813332,54
2018:09:02:21:12:26:128,813386,813332,54
2018:09:02:21:12:26:223,813344,813338,6
2018:09:02:21:12:26:613,813386,813332,54
2018:09:02:21:12:26:863,813344,813333,11
2018:09:02:21:12:26:967,813344,813333,11
2018:09:02:21:12:27:081,813344,813333,11
2018:09:02:21:12:27:189,813340,813339,1
2018:09:02:21:12:27:340,813340,813339,1
2018:09:02:21:12:27:525,813366,813333,33
2018:09:02:21:12:27:683,813337,813333,4
2018:09:02:21:12:27:797,813333,813332,1
2018:09:02:21:12:27:965,813337,813334,3
2018:09:02:21:12:28:100,813337,813334,3
2018:09:02:21:12:28:241,813337,813334,3
2018:09:02:21:12:28:338,813318,813301,17
2018:09:02:21:12:28:443,813318,813301,17
2018:09:02:21:12:28:543,813318,813301,17
2018:09:02:21:12:28:856,813322,813312,10
2018:09:02:21:12:28:963,813322,813312,10
2018:09:02:21:12:29:089,813322,813312,10
2018:09:02:21:12:29:193,813322,813312,10
2018:09:02:21:12:29:335,813322,813314,8
2018:09:02:21:12:29:581,813322,813315,7
2018:09:02:21:12:29:876,813388,813347,41
2018:09:02:21:12:29:981,813388,813347,41
2018:09:02:21:12:30:103,813388,813347,41
2018:09:02:21:12:30:207,813388,813347,41
2018:09:02:21:12:30:319,813388,813347,41
2018:09:02:21:12:30:412,813381,813350,31
2018:09:02:21:12:30:541,813381,813350,31
2018:09:02:21:12:30:672,813381,813350,31
2018:09:02:21:12:30:792,813381,813349,32
2018:09:02:21:12:30:912,813378,813350,28
2018:09:02:21:12:31:025,813378,813350,28
2018:09:02:21:12:31:124,813378,813354,24
2018:09:02:21:12:31:243,813378,813354,24
2018:09:02:21:12:31:336,813378,813350,28
2018:09:02:21:12:31:711,813378,813354,24
2018:09:02:21:12:31:817,813378,813354,24
2018:09:02:21:12:31:918,813378,813350,28
2018:09:02:21:12:32:029,813378,813354,24
2018:09:02:21:12:32:138,813368,813339,29
2018:09:02:21:12:32:252,813368,813339,29
2018:09:02:21:12:32:370,813368,813339,29
2018:09:02:21:12:32:473,813368,813339,29
2018:09:02:21:12:32:588,813365,813349,16
2018:09:02:21:12:32:699,813365,813349,16
2018:09:02:21:12:32:793,813322,813297,25
2018:09:02:21:12:32:916,813322,813297,25
2018:09:02:21:12:33:041,813316,813294,22
2018:09:02:21:12:33:257,813316,813294,22
2018:09:02:21:12:33:358,813316,813294,22
2018:09:02:21:12:33:489,813321,813294,27
2018:09:02:21:12:33:596,813322,813300,22
2018:09:02:21:12:33:729,813322,813300,22
2018:09:02:21:12:33:864,813322,813300,22
2018:09:02:21:12:33:986,813322,813300,22
2018:09:02:21:12:34:126,813312,813303,9
2018:09:02:21:12:34:269,813312,813303,9
2018:09:02:21:12:34:395,813312,813307,5
2018:09:02:21:12:34:512,813304,813250,54
2018:09:02:21:12:34:636,813304,813250,54
2018:09:02:21:12:34:977,813304,813250,54
2018:09:02:21:12:35:079,813304,813264,40
2018:09:02:21:12:35:262,813304,813298,6
2018:09:02:21:12:35:597,813304,813298,6
2018:09:02:21:12:35:758,813331,813308,23
2018:09:02:21:12:36:279,813330,813308,22
2018:09:02:21:12:36:499,813330,813309,21
2018:09:02:21:12:36:842,813310,813309,1
2018:09:02:21:12:37:392,813329,813311,18
2018:09:02:21:12:37:576,813326,813254,72
2018:09:02:21:12:37:696,813326,813254,72
2018:09:02:21:12:37:824,813326,813254,72
2018:09:02:21:12:37:956,813326,813254,72
2018:09:02:21:12:38:159,813323,813261,62
2018:09:02:21:12:38:273,813323,813268,55
2018:09:02:21:12:38:410,813303,813268,35
2018:09:02:21:12:38:541,813303,813268,35
2018:09:02:21:12:38:675,813303,813275,28
2018:09:02:21:12:38:804,813303,813275,28
2018:09:02:21:12:39:154,813303,813285,18
2018:09:02:21:12:39:252,813302,813285,17
2018:09:02:21:12:39:374,813302,813288,14
2018:09:02:21:12:39:524,813301,813288,13
2018:09:02:21:12:40:072,813301,813269,32
2018:09:02:21:12:40:810,813298,813269,29
2018:09:02:21:12:40:946,813298,813269,29
2018:09:02:21:12:41:108,813292,813285,7
2018:09:02:21:12:41:291,813292,813285,7
2018:09:02:21:12:41:435,813292,813285,7
2018:09:02:21:12:41:542,813292,813285,7
2018:09:02:21:12:41:661,813292,813285,7
2018:09:02:21:12:41:835,813292,813285,7
2018:09:02:21:12:41:967,813292,813285,7
2018:09:02:21:12:43:061,813187,813185,2
2018:09:02:21:12:43:203,813179,813174,5
2018:09:02:21:12:43:362,813179,813174,5
2018:09:02:21:12:43:477,813172,813132,40
2018:09:02:21:12:43:582,813172,813132,40
2018:09:02:21:12:43:775,813183,813176,7
2018:09:02:21:12:43:918,813179,813176,3
2018:09:02:21:12:44:042,813179,813176,3
2018:09:02:21:12:44:184,813176,813140,36
2018:09:02:21:12:44:298,813176,813116,60
2018:09:02:21:12:44:436,813173,813142,31
2018:09:02:21:12:44:600,813169,813142,27
2018:09:02:21:12:44:801,813169,813142,27
2018:09:02:21:12:44:996,813169,813142,27
2018:09:02:21:12:45:130,813169,813142,27
2018:09:02:21:12:45:282,813169,813104,65
2018:09:02:21:12:45:496,813169,813104,65
2018:09:02:21:12:46:141,813153,813117,36
2018:09:02:21:12:46:413,813131,813111,20
2018:09:02:21:12:46:787,813131,813120,11
2018:09:02:21:12:47:296,813130,813120,10
2018:09:02:21:12:47:974,813141,813093,48
2018:09:02:21:12:48:598,813127,813091,36
2018:09:02:21:12:49:047,813083,813070,13
2018:09:02:21:12:49:222,813074,813070,4
2018:09:02:21:12:49:354,813074,813070,4
2018:09:02:21:12:49:504,813074,813070,4
2018:09:02:21:12:50:656,813015,813014,1
2018:09:02:21:12:50:781,813057,813014,43
2018:09:02:21:12:50:902,813054,813017,37
2018:09:02:21:12:51:011,813038,813027,11
2018:09:02:21:12:51:156,813038,813027,11
2018:09:02:21:12:51:287,813038,813027,11
2018:09:02:21:12:51:401,813038,813027,11
2018:09:02:21:12:51:508,813038,813027,11
2018:09:02:21:12:51:609,813038,813027,11
2018:09:02:21:12:51:745,813038,813027,11
2018:09:02:21:12:52:730,813068,813018,50
2018:09:02:21:12:52:957,813068,813018,50
2018:09:02:21:12:53:049,813059,813025,34
2018:09:02:21:12:53:147,813068,813025,43
2018:09:02:21:12:53:290,813059,813025,34
2018:09:02:21:12:53:406,813059,813025,34
2018:09:02:21:12:53:507,813059,813025,34
2018:09:02:21:12:53:628,813059,813025,34
2018:09:02:21:12:53:738,813059,813025,34
2018:09:02:21:12:53:849,813059,813025,34
2018:09:02:21:12:53:974,813059,813025,34
2018:09:02:21:12:54:128,813025,813020,5
2018:09:02:21:12:54:325,813025,813016,9
2018:09:02:21:12:54:495,813025,813016,9
2018:09:02:21:12:54:602,813025,813023,2
2018:09:02:21:12:54:759,813025,813023,2
2018:09:02:21:12:54:895,813025,813023,2
2018:09:02:21:12:55:053,813025,813023,2
2018:09:02:21:12:55:174,813023,813000,23
2018:09:02:21:12:55:308,813022,813001,21
2018:09:02:21:12:55:406,813023,813000,23
2018:09:02:21:12:55:520,813023,813014,9
2018:09:02:21:12:55:648,813023,813014,9
2018:09:02:21:12:56:004,813023,813014,9
2018:09:02:21:12:56:149,813022,813017,5
2018:09:02:21:12:56:267,813014,813000,14
2018:09:02:21:12:56:384,813014,813000,14
2018:09:02:21:12:56:523,813014,813000,14
2018:09:02:21:12:56:651,813014,813000,14
2018:09:02:21:12:56:797,813014,813001,13
2018:09:02:21:12:56:929,813014,813000,14
2018:09:02:21:12:57:044,813014,813001,13
2018:09:02:21:12:57:159,813004,813001,3
2018:09:02:21:12:57:276,813004,813001,3
2018:09:02:21:12:57:406,813004,813001,3
2018:09:02:21:12:57:514,813022,813001,21
2018:09:02:21:12:57:674,813022,813017,5
2018:09:02:21:12:57:948,813022,813001,21
2018:09:02:21:12:59:431,813008,813000,8
2018:09:02:21:13:00:766,813019,813010,9
2018:09:02:21:13:00:896,813019,813010,9
2018:09:02:21:13:01:029,813045,813032,13
2018:09:02:21:13:01:221,813045,813032,13
2018:09:02:21:13:01:360,813045,813032,13
2018:09:02:21:13:01:774,813045,813032,13
2018:09:02:21:13:01:942,813121,813041,80
2018:09:02:21:13:03:003,813110,813055,55
2018:09:02:21:13:03:204,813099,813056,43
2018:09:02:21:13:03:387,813150,813123,27
2018:09:02:21:13:03:576,813150,813147,3
2018:09:02:21:13:03:740,813150,813147,3
2018:09:02:21:13:03:917,813154,813148,6
2018:09:02:21:13:04:137,813156,813148,8
2018:09:02:21:13:04:262,813156,813150,6
2018:09:02:21:13:04:452,813156,813150,6
2018:09:02:21:13:05:668,813160,813155,5
2018:09:02:21:13:05:808,813160,813155,5
2018:09:02:21:13:05:983,813176,813155,21
2018:09:02:21:13:06:129,813160,813155,5
2018:09:02:21:13:06:263,813182,813156,26
2018:09:02:21:13:06:404,813182,813150,32
2018:09:02:21:13:07:976,813182,813150,32
2018:09:02:21:13:08:126,813202,813200,2
2018:09:02:21:13:08:262,813202,813200,2
2018:09:02:21:13:08:403,813367,813366,1
2018:09:02:21:13:08:678,813367,813366,1
2018:09:02:21:13:08:827,813384,813366,18
2018:09:02:21:13:09:038,813384,813366,18
2018:09:02:21:13:09:609,813384,813366,18
2018:09:02:21:13:10:821,813384,813366,18
2018:09:02:21:13:11:712,813484,813384,100
2018:09:02:21:13:11:923,813582,813550,32
2018:09:02:21:13:12:089,813584,813571,13
2018:09:02:21:13:12:280,813584,813571,13
2018:09:02:21:13:13:101,813584,813572,12
2018:09:02:21:13:14:026,813770,813607,163
2018:09:02:21:13:14:253,813655,813623,32
2018:09:02:21:13:14:404,813641,813596,45
2018:09:02:21:13:14:573,813641,813591,50
2018:09:02:21:13:14:799,813641,813574,67
2018:09:02:21:13:14:979,813631,813596,35
2018:09:02:21:13:15:229,813628,813599,29
2018:09:02:21:13:15:423,813628,813599,29
2018:09:02:21:13:15:728,813628,813599,29
2018:09:02:21:13:16:211,813754,813720,34
2018:09:02:21:13:16:433,813754,813695,59
2018:09:02:21:13:16:713,813754,813695,59
2018:09:02:21:13:16:853,813698,813695,3
2018:09:02:21:13:16:989,813698,813695,3
2018:09:02:21:13:17:119,813698,813695,3
2018:09:02:21:13:17:256,813660,813643,17
2018:09:02:21:13:17:420,813660,813643,17
2018:09:02:21:13:17:541,813660,813643,17
2018:09:02:21:13:17:710,813649,813644,5
2018:09:02:21:13:17:887,813727,813643,84
2018:09:02:21:13:18:023,813727,813643,84
2018:09:02:21:13:18:224,813648,813614,34
2018:09:02:21:13:18:369,813648,813614,34
2018:09:02:21:13:18:504,813648,813647,1
2018:09:02:21:13:18:682,813696,813651,45
2018:09:02:21:13:18:806,813696,813651,45
2018:09:02:21:13:18:946,813696,813651,45
2018:09:02:21:13:19:091,813645,813601,44
2018:09:02:21:13:19:234,813626,813615,11
2018:09:02:21:13:19:471,813626,813615,11
2018:09:02:21:13:19:610,813647,813543,104
2018:09:02:21:13:19:740,813635,813604,31
2018:09:02:21:13:19:882,813624,813606,18
2018:09:02:21:13:20:020,813624,813606,18
2018:09:02:21:13:20:172,813624,813606,18
2018:09:02:21:13:20:293,813625,813606,19
2018:09:02:21:13:20:450,813600,813534,66
2018:09:02:21:13:20:571,813625,813616,9
2018:09:02:21:13:20:690,813625,813616,9
2018:09:02:21:13:20:816,813630,813627,3
2018:09:02:21:13:20:945,813630,813627,3
2018:09:02:21:13:21:055,813630,813627,3
2018:09:02:21:13:21:507,813630,813627,3
2018:09:02:21:13:21:768,813627,813607,20
2018:09:02:21:13:22:074,813714,813663,51
2018:09:02:21:13:22:240,813695,813663,32
2018:09:02:21:13:22:743,813751,813684,67
2018:09:02:21:13:22:868,813751,813694,57
2018:09:02:21:13:22:975,813738,813684,54
2018:09:02:21:13:23:090,813751,813684,67
2018:09:02:21:13:23:195,813738,813684,54
2018:09:02:21:13:23:340,813738,813684,54
2018:09:02:21:13:23:462,813738,813684,54
2018:09:02:21:13:23:570,813738,813684,54
2018:09:02:21:13:23:710,813738,813684,54
2018:09:02:21:13:23:815,813738,813684,54
2018:09:02:21:13:23:917,813738,813684,54
2018:09:02:21:13:24:046,813738,813684,54
2018:09:02:21:13:24:188,813738,813684,54
2018:09:02:21:13:24:324,813750,813694,56
2018:09:02:21:13:24:420,813750,813694,56
2018:09:02:21:13:24:527,813810,813750,60
2018:09:02:21:13:24:656,813750,813694,56
2018:09:02:21:13:25:019,813795,813750,45
2018:09:02:21:13:25:162,813871,813820,51
2018:09:02:21:13:25:286,813845,813800,45
2018:09:02:21:13:25:413,813845,813810,35
2018:09:02:21:13:25:697,813908,813900,8
2018:09:02:21:13:25:883,813916,813845,71
2018:09:02:21:13:26:382,813893,813800,93
2018:09:02:21:13:26:627,813890,813847,43
2018:09:02:21:13:26:779,813886,813847,39
2018:09:02:21:13:26:928,813886,813847,39
2018:09:02:21:13:27:069,813886,813847,39
2018:09:02:21:13:27:203,813885,813847,38
2018:09:02:21:13:27:337,813885,813850,35
2018:09:02:21:13:27:697,813878,813848,30
2018:09:02:21:13:27:821,813857,813853,4
2018:09:02:21:13:27:936,813878,813853,25
2018:09:02:21:13:28:073,813857,813856,1
2018:09:02:21:13:28:194,813857,813856,1
2018:09:02:21:13:28:312,813854,813848,6
2018:09:02:21:13:28:439,813857,813848,9
2018:09:02:21:13:28:584,813857,813848,9
2018:09:02:21:13:28:706,813857,813848,9
2018:09:02:21:13:28:839,813881,813848,33
2018:09:02:21:13:28:971,813881,813848,33
2018:09:02:21:13:29:108,813859,813846,13
2018:09:02:21:13:29:219,813859,813846,13
2018:09:02:21:13:29:335,813859,813853,6
2018:09:02:21:13:29:608,813856,813853,3
2018:09:02:21:13:29:742,813858,813853,5
2018:09:02:21:13:29:848,813885,813853,32
2018:09:02:21:13:29:953,813858,813856,2
2018:09:02:21:13:30:127,813858,813853,5
2018:09:02:21:13:30:249,813858,813857,1
2018:09:02:21:13:30:371,813858,813856,2
2018:09:02:21:13:30:500,813858,813853,5
2018:09:02:21:13:30:628,813858,813853,5
2018:09:02:21:13:30:773,813891,813853,38
2018:09:02:21:13:30:897,813857,813808,49
2018:09:02:21:13:31:239,813891,813853,38
2018:09:02:21:13:31:404,813897,813811,86
2018:09:02:21:13:31:544,813854,813839,15
2018:09:02:21:13:31:719,813854,813839,15
2018:09:02:21:13:31:886,813880,813843,37
2018:09:02:21:13:32:079,813880,813843,37
2018:09:02:21:13:32:185,813880,813843,37
2018:09:02:21:13:32:313,813851,813849,2
2018:09:02:21:13:32:422,813851,813849,2
2018:09:02:21:13:32:544,813851,813849,2
2018:09:02:21:13:32:709,813891,813856,35
2018:09:02:21:13:33:081,813891,813856,35
2018:09:02:21:13:33:373,813891,813856,35
2018:09:02:21:13:33:486,813870,813867,3
2018:09:02:21:13:33:594,813884,813867,17
2018:09:02:21:13:33:750,813884,813867,17
2018:09:02:21:13:33:916,813884,813867,17
2018:09:02:21:13:34:061,813869,813850,19
2018:09:02:21:13:34:205,813869,813850,19
2018:09:02:21:13:34:364,813874,813850,24
2018:09:02:21:13:34:499,813874,813850,24
2018:09:02:21:13:34:607,813874,813812,62
2018:09:02:21:13:34:816,813874,813849,25
2018:09:02:21:13:35:550,813871,813869,2
2018:09:02:21:13:35:745,813908,813900,8
2018:09:02:21:13:35:885,813908,813900,8
2018:09:02:21:13:36:036,813870,813856,14
2018:09:02:21:13:36:243,813865,813863,2
2018:09:02:21:13:36:345,813865,813863,2
2018:09:02:21:13:36:470,813865,813862,3
2018:09:02:21:13:36:578,813865,813862,3
2018:09:02:21:13:37:029,813865,813862,3
2018:09:02:21:13:37:163,813865,813862,3
2018:09:02:21:13:37:274,813865,813862,3
2018:09:02:21:13:37:514,813855,813588,267
2018:09:02:21:13:37:892,813822,813552,270
2018:09:02:21:13:38:066,813766,813739,27
2018:09:02:21:13:38:196,813766,813739,27
2018:09:02:21:13:38:337,813841,813702,139
2018:09:02:21:13:38:502,813766,813739,27
2018:09:02:21:13:38:619,813718,813601,117
2018:09:02:21:13:38:776,813718,813601,117
2018:09:02:21:13:38:943,813669,813668,1
2018:09:02:21:13:39:225,813669,813668,1
2018:09:02:21:13:39:369,813688,813543,145
2018:09:02:21:13:39:653,813669,813543,126
2018:09:02:21:13:39:785,813782,813714,68
2018:09:02:21:13:39:903,813782,813714,68
2018:09:02:21:13:40:053,813719,813668,51
2018:09:02:21:13:40:204,813681,813546,135
2018:09:02:21:13:40:351,813575,813558,17
2018:09:02:21:13:40:516,813575,813565,10
2018:09:02:21:13:40:649,813575,813572,3
2018:09:02:21:13:40:794,813575,813572,3
2018:09:02:21:13:40:942,813662,813572,90
2018:09:02:21:13:41:093,813662,813572,90
2018:09:02:21:13:41:224,813662,813572,90
2018:09:02:21:13:41:396,813662,813572,90
2018:09:02:21:13:41:648,813574,813557,17
2018:09:02:21:13:42:055,813574,813566,8
2018:09:02:21:13:42:170,813574,813566,8
2018:09:02:21:13:42:298,813891,813566,325
2018:09:02:21:13:42:504,813574,813566,8
2018:09:02:21:13:42:644,813633,813577,56
2018:09:02:21:13:42:822,813760,813690,70
2018:09:02:21:13:43:010,813760,813690,70
2018:09:02:21:13:43:166,813760,813690,70
2018:09:02:21:13:43:297,813781,813613,168
2018:09:02:21:13:43:430,813781,813613,168
2018:09:02:21:13:43:576,813781,813613,168
2018:09:02:21:13:43:726,813658,813629,29
2018:09:02:21:13:43:908,813707,813629,78
2018:09:02:21:13:44:028,813707,813629,78
2018:09:02:21:13:44:202,813755,813630,125
2018:09:02:21:13:44:510,813755,813630,125
2018:09:02:21:13:44:641,813750,813675,75
2018:09:02:21:13:44:802,813750,813675,75
2018:09:02:21:13:45:834,813686,813681,5
2018:09:02:21:13:46:068,813706,813703,3
2018:09:02:21:13:46:398,813861,813847,14
2018:09:02:21:13:46:589,813829,813738,91
2018:09:02:21:13:46:750,813829,813738,91
2018:09:02:21:13:46:887,813829,813738,91
2018:09:02:21:13:47:011,813851,813850,1
2018:09:02:21:13:47:133,813851,813850,1
2018:09:02:21:13:47:288,813851,813850,1
2018:09:02:21:13:47:397,813851,813676,175
2018:09:02:21:13:47:526,813843,813748,95
2018:09:02:21:13:47:658,813783,813764,19
2018:09:02:21:13:47:820,813783,813764,19
2018:09:02:21:13:47:948,813783,813764,19
2018:09:02:21:13:48:067,813783,813764,19
2018:09:02:21:13:48:218,813783,813764,19
2018:09:02:21:13:48:384,813833,813774,59
2018:09:02:21:13:48:558,813833,813774,59
2018:09:02:21:13:48:723,813815,813774,41
2018:09:02:21:13:49:064,813815,813774,41
2018:09:02:21:13:49:211,813805,813781,24
2018:09:02:21:13:49:359,813834,813768,66
2018:09:02:21:13:49:494,813834,813768,66
2018:09:02:21:13:49:631,813822,813784,38
2018:09:02:21:13:49:789,813822,813784,38
2018:09:02:21:13:49:919,813822,813784,38
2018:09:02:21:13:50:079,813822,813736,86
2018:09:02:21:13:50:240,813822,813736,86
2018:09:02:21:13:50:404,813819,813684,135
2018:09:02:21:13:50:788,813819,813684,135
2018:09:02:21:13:51:924,813715,813704,11
2018:09:02:21:13:52:070,813750,813711,39
2018:09:02:21:13:52:189,813750,813711,39
2018:09:02:21:13:52:334,813752,813711,41
2018:09:02:21:13:52:497,813751,813711,40
2018:09:02:21:13:52:966,813824,813722,102
2018:09:02:21:13:53:159,813766,813725,41
2018:09:02:21:13:53:278,813766,813725,41
2018:09:02:21:13:53:429,813766,813722,44
2018:09:02:21:13:53:614,813766,813722,44
2018:09:02:21:13:53:766,813766,813730,36
2018:09:02:21:13:53:934,813766,813734,32
2018:09:02:21:13:54:076,813760,813734,26
2018:09:02:21:13:54:429,813760,813734,26
2018:09:02:21:13:55:679,813757,813730,27
2018:09:02:21:13:55:820,813753,813737,16
2018:09:02:21:13:55:987,813751,813737,14
2018:09:02:21:13:56:119,813751,813737,14
2018:09:02:21:13:58:849,813751,813737,14
2018:09:02:21:13:59:060,813734,813714,20
2018:09:02:21:13:59:246,813816,813732,84
2018:09:02:21:13:59:366,813842,813732,110
2018:09:02:21:13:59:546,813816,813732,84
2018:09:02:21:13:59:676,813807,813779,28
2018:09:02:21:13:59:848,813808,813754,54
2018:09:02:21:14:00:017,813808,813754,54
2018:09:02:21:14:00:147,813849,813761,88
2018:09:02:21:14:00:279,813849,813761,88
2018:09:02:21:14:00:459,813846,813757,89
2018:09:02:21:14:00:628,813846,813757,89
2018:09:02:21:14:01:661,813842,813783,59
2018:09:02:21:14:01:788,813842,813787,55
2018:09:02:21:14:01:961,813842,813787,55
2018:09:02:21:14:02:165,813800,813797,3
2018:09:02:21:14:02:338,813800,813797,3
2018:09:02:21:14:02:465,813800,813797,3
2018:09:02:21:14:02:693,813800,813797,3
2018:09:02:21:14:03:729,813841,813799,42
2018:09:02:21:14:03:943,813841,813802,39
2018:09:02:21:14:04:059,813841,813802,39
2018:09:02:21:14:04:174,813841,813803,38
2018:09:02:21:14:04:357,813841,813803,38
2018:09:02:21:14:04:686,813891,813808,83
2018:09:02:21:14:06:313,813873,813829,44
2018:09:02:21:14:06:463,813892,813842,50
2018:09:02:21:14:06:607,813892,813842,50
2018:09:02:21:14:06:746,813892,813843,49
2018:09:02:21:14:06:854,813900,813846,54
2018:09:02:21:14:07:006,813900,813846,54
2018:09:02:21:14:07:159,813878,813846,32
2018:09:02:21:14:07:306,813843,813814,29
2018:09:02:21:14:07:467,813827,813813,14
2018:09:02:21:14:07:622,813900,813850,50
2018:09:02:21:14:07:726,813883,813850,33
2018:09:02:21:14:07:908,813883,813850,33
2018:09:02:21:14:08:093,813878,813853,25
2018:09:02:21:14:08:251,813878,813857,21
2018:09:02:21:14:08:416,813882,813857,25
2018:09:02:21:14:09:595,813882,813857,25
2018:09:02:21:14:09:758,813879,813872,7
2018:09:02:21:14:09:941,813872,813827,45
2018:09:02:21:14:10:061,813820,813815,5
2018:09:02:21:14:10:231,813820,813815,5
2018:09:02:21:14:10:377,813819,813816,3
2018:09:02:21:14:10:576,813819,813816,3
2018:09:02:21:14:10:772,813819,813818,1
2018:09:02:21:14:10:947,813899,813818,81
2018:09:02:21:14:11:216,813899,813818,81
2018:09:02:21:14:11:373,813899,813815,84
2018:09:02:21:14:11:527,813899,813762,137
2018:09:02:21:14:12:688,813882,813828,54
2018:09:02:21:14:12:824,813800,813774,26
2018:09:02:21:14:13:011,813797,813774,23
2018:09:02:21:14:13:155,813800,813774,26
2018:09:02:21:14:13:291,813800,813774,26
2018:09:02:21:14:13:600,813800,813774,26
2018:09:02:21:14:13:797,813750,813737,13
2018:09:02:21:14:13:931,813749,813747,2
2018:09:02:21:14:15:106,813750,813749,1
2018:09:02:21:14:15:254,813784,813768,16
2018:09:02:21:14:15:726,813784,813766,18
2018:09:02:21:14:15:831,813779,813764,15
2018:09:02:21:14:15:947,813781,813763,18
2018:09:02:21:14:16:049,813779,813770,9
2018:09:02:21:14:16:152,813779,813770,9
2018:09:02:21:14:16:296,813779,813770,9
2018:09:02:21:14:16:389,813779,813770,9
2018:09:02:21:14:16:500,813793,813773,20
2018:09:02:21:14:16:695,813793,813773,20
2018:09:02:21:14:16:846,813799,813785,14
2018:09:02:21:14:16:953,813796,813785,11
2018:09:02:21:14:17:367,813799,813785,14
2018:09:02:21:14:17:536,813815,813814,1
2018:09:02:21:14:17:735,813805,813800,5
2018:09:02:21:14:17:854,813805,813800,5
2018:09:02:21:14:17:971,813805,813800,5
2018:09:02:21:14:18:116,813805,813800,5
2018:09:02:21:14:18:220,813805,813800,5
2018:09:02:21:14:18:337,813825,813800,25
2018:09:02:21:14:18:445,813825,813800,25
2018:09:02:21:14:18:563,813825,813800,25
2018:09:02:21:14:18:714,813841,813814,27
2018:09:02:21:14:18:838,813841,813814,27
2018:09:02:21:14:18:963,813843,813817,26
2018:09:02:21:14:19:094,813843,813817,26
2018:09:02:21:14:19:210,813833,813820,13
2018:09:02:21:14:19:358,813838,813820,18
2018:09:02:21:14:20:356,813838,813820,18
2018:09:02:21:14:20:540,813863,813839,24
2018:09:02:21:14:20:669,813876,813849,27
2018:09:02:21:14:20:801,813876,813849,27
2018:09:02:21:14:20:928,813876,813849,27
2018:09:02:21:14:21:035,813876,813849,27
2018:09:02:21:14:21:152,813900,813868,32
2018:09:02:21:14:21:303,813900,813868,32
2018:09:02:21:14:21:442,813900,813859,41
2018:09:02:21:14:21:603,813899,813849,50
2018:09:02:21:14:21:742,813897,813887,10
2018:09:02:21:14:21:910,813896,813887,9
2018:09:02:21:14:22:025,813896,813887,9
2018:09:02:21:14:22:151,813896,813887,9
2018:09:02:21:14:22:315,813894,813890,4
2018:09:02:21:14:22:486,813894,813890,4
2018:09:02:21:14:22:812,813894,813850,44
2018:09:02:21:14:22:968,813873,813798,75
2018:09:02:21:14:23:117,813873,813798,75
2018:09:02:21:14:23:228,813873,813807,66
2018:09:02:21:14:23:333,813867,813836,31
2018:09:02:21:14:23:484,813867,813809,58
2018:09:02:21:14:23:626,813867,813836,31
2018:09:02:21:14:23:783,813857,813817,40
2018:09:02:21:14:23:902,813851,813837,14
2018:09:02:21:14:24:008,813851,813837,14
2018:09:02:21:14:24:159,813857,813798,59
2018:09:02:21:14:24:404,813858,813835,23
2018:09:02:21:14:24:540,813851,813815,36
2018:09:02:21:14:24:990,813837,813810,27
2018:09:02:21:14:25:153,813837,813810,27
2018:09:02:21:14:25:309,813834,813810,24
2018:09:02:21:14:25:624,813834,813810,24
2018:09:02:21:14:25:913,813837,813805,32
2018:09:02:21:14:26:062,813858,813838,20
2018:09:02:21:14:26:182,813858,813850,8
2018:09:02:21:14:26:309,813858,813838,20
2018:09:02:21:14:26:474,813883,813838,45
2018:09:02:21:14:26:929,813843,813838,5
2018:09:02:21:14:27:051,813883,813879,4
2018:09:02:21:14:27:179,813883,813853,30
2018:09:02:21:14:27:315,813883,813853,30
2018:09:02:21:14:27:430,813883,813853,30
2018:09:02:21:14:27:531,813900,813856,44
2018:09:02:21:14:27:656,813893,813853,40
2018:09:02:21:14:27:760,813893,813853,40
2018:09:02:21:14:27:866,813893,813839,54
2018:09:02:21:14:28:001,813886,813839,47
2018:09:02:21:14:28:121,813893,813839,54
2018:09:02:21:14:28:232,813882,813857,25
2018:09:02:21:14:28:345,813882,813857,25
2018:09:02:21:14:28:476,813863,813857,6
2018:09:02:21:14:28:756,813863,813838,25
2018:09:02:21:14:28:874,813863,813838,25
2018:09:02:21:14:28:990,813863,813838,25
2018:09:02:21:14:29:098,813863,813839,24
2018:09:02:21:14:29:241,813860,813838,22
2018:09:02:21:14:29:343,813857,813849,8
2018:09:02:21:14:29:445,813857,813849,8
2018:09:02:21:14:29:591,813857,813849,8
2018:09:02:21:14:29:713,813856,813838,18
2018:09:02:21:14:29:826,813828,813818,10
2018:09:02:21:14:29:940,813828,813818,10
2018:09:02:21:14:30:062,813828,813818,10
2018:09:02:21:14:30:214,813828,813818,10
2018:09:02:21:14:30:343,813823,813812,11
2018:09:02:21:14:30:688,813823,813822,1
2018:09:02:21:14:30:834,813827,813823,4
2018:09:02:21:14:30:940,813827,813823,4
2018:09:02:21:14:31:866,813827,813823,4
2018:09:02:21:14:31:960,813827,813824,3
2018:09:02:21:14:32:357,813827,813824,3
2018:09:02:21:14:32:453,813827,813824,3
2018:09:02:21:14:32:553,813827,813811,16
2018:09:02:21:14:32:661,813827,813811,16
2018:09:02:21:14:32:804,813827,813811,16
2018:09:02:21:14:33:033,813814,813811,3
2018:09:02:21:14:33:137,813814,813813,1
2018:09:02:21:14:33:233,813814,813813,1
2018:09:02:21:14:33:336,813827,813814,13
2018:09:02:21:14:33:464,813827,813822,5
2018:09:02:21:14:33:583,813827,813822,5
2018:09:02:21:14:33:687,813827,813822,5
2018:09:02:21:14:33:828,813827,813822,5
2018:09:02:21:14:33:947,813844,813824,20
2018:09:02:21:14:34:084,813844,813813,31
2018:09:02:21:14:34:201,813844,813813,31
2018:09:02:21:14:34:331,813814,813813,1
2018:09:02:21:14:34:448,813814,813813,1
2018:09:02:21:14:34:550,813814,813813,1
2018:09:02:21:14:34:690,813814,813813,1
2018:09:02:21:14:34:829,813814,813736,78
2018:09:02:21:14:35:147,813814,813736,78
2018:09:02:21:14:35:275,813814,813736,78
2018:09:02:21:14:35:543,813814,813643,171
2018:09:02:21:14:35:683,813814,813643,171
2018:09:02:21:14:36:805,813779,813479,300
2018:09:02:21:14:36:948,813568,813381,187
2018:09:02:21:14:37:106,813568,813456,112
2018:09:02:21:14:37:226,813568,813381,187
2018:09:02:21:14:37:356,813455,813381,74
2018:09:02:21:14:37:517,813455,813381,74
2018:09:02:21:14:37:645,813455,813381,74
2018:09:02:21:14:37:812,813543,813386,157
