id,datetime,side,price,size,buy_child_order_acceptance_id,sell_child_order_acceptance_id
400152426,2018:09:02:06:50:56:669,SELL,808544,0.0893242,JRF20180902-065056-773821,JRF20180902-065056-800426
400152427,2018:09:02:06:50:56:856,BUY,808546,0.02,JRF20180902-065056-540887,JRF20180902-065056-200523
400152432,2018:09:02:06:50:57:325,BUY,808550,0.02,JRF20180902-065057-016562,JRF20180902-065051-016515
400152433,2018:09:02:06:50:57:419,BUY,808550,0.01,JRF20180902-065057-111540,JRF20180902-065051-016515
400152434,2018:09:02:06:50:57:544,SELL,808548,0.01,JRF20180902-065057-200526,JRF20180902-065057-016565
400152435,2018:09:02:06:50:57:560,BUY,808550,0.01,JRF20180902-065055-086142,JRF20180902-065051-016515
400152436,2018:09:02:06:50:57:731,SELL,808548,0.0931251,JRF20180902-065057-200526,JRF20180902-065057-050230
400152437,2018:09:02:06:50:57:935,SELL,808548,0.281132,JRF20180902-065057-200526,JRF20180902-065057-966826
400152438,2018:09:02:06:50:57:966,BUY,808549,0.02,JRF20180902-065057-200533,JRF20180902-065057-966825
400152440,2018:09:02:06:50:58:106,SELL,808547,0.24765925,JRF20180902-065056-050221,JRF20180902-065058-540890
400152441,2018:09:02:06:50:58:106,SELL,808544,0.31699392,JRF20180902-065056-773821,JRF20180902-065058-540890
400152442,2018:09:02:06:50:58:106,SELL,808541,0.01,JRF20180902-065056-515115,JRF20180902-065058-540890
400152443,2018:09:02:06:50:58:106,SELL,808528,0.141,JRF20180902-065056-773823,JRF20180902-065058-540890
400152444,2018:09:02:06:50:58:106,SELL,808506,0.00455502,JRF20180902-065046-453132,JRF20180902-065058-540890
400152445,2018:09:02:06:50:58:106,SELL,808502,0.14,JRF20180902-065047-540853,JRF20180902-065058-540890
400152446,2018:09:02:06:50:58:106,SELL,808502,0.01,JRF20180902-065050-800402,JRF20180902-065058-540890
400152447,2018:09:02:06:50:58:106,SELL,808501,0.04,JRF20180902-065049-800398,JRF20180902-065058-540890
400152448,2018:09:02:06:50:58:106,SELL,808501,0.01,JRF20180902-065049-800400,JRF20180902-065058-540890
400152449,2018:09:02:06:50:58:106,SELL,808501,0.01101919,JRF20180902-065053-361509,JRF20180902-065058-540890
400152450,2018:09:02:06:50:58:106,SELL,808501,0.01,JRF20180902-065054-872504,JRF20180902-065058-540890
400152451,2018:09:02:06:50:58:106,SELL,808501,0.05877262,JRF20180902-065055-111534,JRF20180902-065058-540890
400152452,2018:09:02:06:50:58:294,BUY,808538,0.02,JRF20180902-065058-540891,JRF20180902-065057-788170
400152453,2018:09:02:06:50:58:435,SELL,808515,0.01,JRF20180902-065058-083505,JRF20180902-065058-086612
400152455,2018:09:02:06:50:58:528,SELL,808515,0.01,JRF20180902-065058-083505,JRF20180902-065058-540893
400152456,2018:09:02:06:50:58:528,BUY,808538,0.013589,JRF20180902-065058-043927,JRF20180902-065057-788170
400152458,2018:09:02:06:50:58:716,BUY,808537,0.24765925,JRF20180902-065058-050237,JRF20180902-065058-966828
400152459,2018:09:02:06:50:58:716,BUY,808537,0.31699392,JRF20180902-065058-050237,JRF20180902-065058-016577
400152460,2018:09:02:06:50:58:716,BUY,808538,0.01,JRF20180902-065058-050237,JRF20180902-065058-151331
400152461,2018:09:02:06:50:58:716,BUY,808547,0.01,JRF20180902-065058-050237,JRF20180902-065058-697437
400152462,2018:09:02:06:50:58:716,BUY,808548,0.00267826,JRF20180902-065058-050237,JRF20180902-065057-966827
400152463,2018:09:02:06:50:58:716,BUY,808548,0.281132,JRF20180902-065058-050237,JRF20180902-065058-016576
400152464,2018:09:02:06:50:58:716,BUY,808548,0.09044684,JRF20180902-065058-050237,JRF20180902-065058-200537
400152465,2018:09:02:06:50:58:716,BUY,808549,0.04108973,JRF20180902-065058-050237,JRF20180902-065057-773827
400152466,2018:09:02:06:50:58:731,SELL,808515,0.07022292,JRF20180902-065058-083505,JRF20180902-065058-361526
400152467,2018:09:02:06:50:58:731,SELL,808501,0.02101848,JRF20180902-065055-111534,JRF20180902-065058-361526
400152470,2018:09:02:06:50:58:856,SELL,808548,0.01,JRF20180902-065058-640092,JRF20180902-065058-406791
400152471,2018:09:02:06:50:58:872,SELL,808518,0.02,JRF20180902-065058-361527,JRF20180902-065058-540894
400152472,2018:09:02:06:50:58:872,SELL,808516,0.1,JRF20180902-065058-016578,JRF20180902-065058-540894
400152473,2018:09:02:06:50:58:872,SELL,808501,0.0234412,JRF20180902-065055-111534,JRF20180902-065058-540894
400152474,2018:09:02:06:50:58:872,SELL,808500,0.4798016,JRF20180902-065044-361464,JRF20180902-065058-540894
400152475,2018:09:02:06:50:58:872,SELL,808500,0.3767572,JRF20180902-065044-016475,JRF20180902-065058-540894
400152476,2018:09:02:06:50:58:966,SELL,808500,1,JRF20180902-065044-016475,JRF20180902-065058-453173
400152479,2018:09:02:06:50:59:122,BUY,808537,0.01,JRF20180902-065059-697438,JRF20180902-065058-406791
400152481,2018:09:02:06:50:59:325,SELL,808500,0.04,JRF20180902-065044-016475,JRF20180902-065059-800439
400152483,2018:09:02:06:50:59:591,BUY,808536,0.01,JRF20180902-065059-540895,JRF20180902-065059-043931
400152484,2018:09:02:06:50:59:591,BUY,808537,0.02,JRF20180902-065059-540895,JRF20180902-065058-406791
400152485,2018:09:02:06:50:59:591,BUY,808546,0.02,JRF20180902-065059-540895,JRF20180902-065059-151339
400152486,2018:09:02:06:50:59:591,BUY,808549,0.04823447,JRF20180902-065059-540895,JRF20180902-065057-773827
400152487,2018:09:02:06:50:59:591,BUY,808549,0.00176553,JRF20180902-065059-540895,JRF20180902-065057-200531
400152488,2018:09:02:06:50:59:685,BUY,808549,0.00823447,JRF20180902-065059-453181,JRF20180902-065057-200531
400152489,2018:09:02:06:50:59:685,BUY,808549,0.01,JRF20180902-065059-453181,JRF20180902-065058-151337
400152490,2018:09:02:06:50:59:685,BUY,808550,0.08176553,JRF20180902-065059-453181,JRF20180902-065051-016515
400152491,2018:09:02:06:50:59:747,SELL,808500,0.0859013,JRF20180902-065044-016475,JRF20180902-065059-800440
400152492,2018:09:02:06:50:59:981,SELL,808500,0.8,JRF20180902-065044-016475,JRF20180902-065059-453182
400152493,2018:09:02:06:51:00:106,BUY,808533,0.02,JRF20180902-065059-083522,JRF20180902-065059-200543
400152494,2018:09:02:06:51:00:106,BUY,808535,0.03,JRF20180902-065059-083522,JRF20180902-065059-083520
400152495,2018:09:02:06:51:00:231,SELL,808500,0.08,JRF20180902-065044-016475,JRF20180902-065100-361529
400152496,2018:09:02:06:51:00:294,SELL,808500,0.6173415,JRF20180902-065044-016475,JRF20180902-065100-151345
400152497,2018:09:02:06:51:00:294,SELL,808500,0.2,JRF20180902-065049-016502,JRF20180902-065100-151345
400152498,2018:09:02:06:51:00:294,SELL,808499,0.01,JRF20180902-065054-515102,JRF20180902-065100-151345
400152499,2018:09:02:06:51:00:294,SELL,808493,0.01,JRF20180902-065050-200502,JRF20180902-065100-151345
400152500,2018:09:02:06:51:00:294,SELL,808489,0.2,JRF20180902-065050-016510,JRF20180902-065100-151345
400152501,2018:09:02:06:51:00:294,SELL,808488,0.2,JRF20180902-065051-016516,JRF20180902-065100-151345
400152502,2018:09:02:06:51:00:294,SELL,808485,0.01,JRF20180902-065058-406793,JRF20180902-065100-151345
400152503,2018:09:02:06:51:00:294,SELL,808481,0.09022292,JRF20180902-065058-406786,JRF20180902-065100-151345
400152504,2018:09:02:06:51:00:294,SELL,808465,0.02989,JRF20180902-065059-453174,JRF20180902-065100-151345
400152505,2018:09:02:06:51:00:294,SELL,808462,0.01,JRF20180902-065048-800397,JRF20180902-065100-151345
400152506,2018:09:02:06:51:00:294,SELL,808455,0.01,JRF20180902-065046-111501,JRF20180902-065100-151345
400152507,2018:09:02:06:51:00:294,SELL,808455,0.3,JRF20180902-065059-773832,JRF20180902-065100-151345
400152508,2018:09:02:06:51:00:294,SELL,808455,0.45,JRF20180902-065059-016586,JRF20180902-065100-151345
400152509,2018:09:02:06:51:00:294,SELL,808454,1.49456201,JRF20180902-065043-200465,JRF20180902-065100-151345
400152510,2018:09:02:06:51:00:294,SELL,808450,0.01,JRF20180902-065052-151308,JRF20180902-065100-151345
400152511,2018:09:02:06:51:00:294,SELL,808448,0.2,JRF20180902-065057-016571,JRF20180902-065100-151345
400152512,2018:09:02:06:51:00:294,SELL,808447,0.09022292,JRF20180902-065058-640091,JRF20180902-065100-151345
400152513,2018:09:02:06:51:00:294,SELL,808441,0.2,JRF20180902-065052-016523,JRF20180902-065100-151345
400152514,2018:09:02:06:51:00:294,SELL,808440,0.2,JRF20180902-065055-016548,JRF20180902-065100-151345
400152515,2018:09:02:06:51:00:294,SELL,808440,0.03,JRF20180902-065056-640080,JRF20180902-065100-151345
400152516,2018:09:02:06:51:00:294,SELL,808440,0.2,JRF20180902-065056-016556,JRF20180902-065100-151345
400152517,2018:09:02:06:51:00:294,SELL,808438,0.01,JRF20180902-065058-151332,JRF20180902-065100-151345
400152518,2018:09:02:06:51:00:294,SELL,808437,0.01,JRF20180902-065054-540885,JRF20180902-065100-151345
400152519,2018:09:02:06:51:00:294,SELL,808436,0.01,JRF20180902-065035-082483,JRF20180902-065100-151345
400152520,2018:09:02:06:51:00:294,SELL,808429,0.2,JRF20180902-065054-016533,JRF20180902-065100-151345
400152521,2018:09:02:06:51:00:294,SELL,808428,0.05,JRF20180902-065052-453159,JRF20180902-065100-151345
400152522,2018:09:02:06:51:00:294,SELL,808427,0.0598111,JRF20180902-065046-966787,JRF20180902-065100-151345
400152523,2018:09:02:06:51:00:325,BUY,808427,0.01,JRF20180902-065100-406797,JRF20180902-065100-151345
400152524,2018:09:02:06:51:00:325,BUY,808427,0.01,JRF20180902-065100-515146,JRF20180902-065100-151345
400152525,2018:09:02:06:51:00:434,BUY,808427,0.01,JRF20180902-065100-086831,JRF20180902-065100-151345
400152526,2018:09:02:06:51:00:450,SELL,808426,0.8,JRF20180902-065057-800429,JRF20180902-065100-050254
400152527,2018:09:02:06:51:00:450,SELL,808425,0.011,JRF20180902-065056-086166,JRF20180902-065100-050254
400152528,2018:09:02:06:51:00:450,SELL,808425,0.03,JRF20180902-065100-361530,JRF20180902-065100-050254
400152529,2018:09:02:06:51:00:450,SELL,808424,0.02,JRF20180902-065043-540836,JRF20180902-065100-050254
400152530,2018:09:02:06:51:00:450,SELL,808424,0.032,JRF20180902-065055-773820,JRF20180902-065100-050254
400152531,2018:09:02:06:51:00:450,SELL,808424,0.06,JRF20180902-065059-515145,JRF20180902-065100-050254
400152532,2018:09:02:06:51:00:450,SELL,808423,0.047,JRF20180902-065056-111537,JRF20180902-065100-050254
400152533,2018:09:02:06:51:00:528,SELL,808423,0.003,JRF20180902-065056-111537,JRF20180902-065100-697444
400152534,2018:09:02:06:51:00:528,SELL,808423,0.1,JRF20180902-065058-227681,JRF20180902-065100-697444
400152535,2018:09:02:06:51:00:544,SELL,808422,0.097,JRF20180902-065044-361462,JRF20180902-065100-697444
400152536,2018:09:02:06:51:00:559,BUY,808427,0.06794955,JRF20180902-065100-227688,JRF20180902-065100-151345
400152537,2018:09:02:06:51:00:559,BUY,808500,0.01,JRF20180902-065100-227688,JRF20180902-065100-697443
400152538,2018:09:02:06:51:00:606,SELL,808501,0.05,JRF20180902-065100-227688,JRF20180902-065100-453186
400152539,2018:09:02:06:51:00:841,SELL,808501,0.0865388,JRF20180902-065100-227688,JRF20180902-065100-361534
400152540,2018:09:02:06:51:00:872,SELL,808501,0.02,JRF20180902-065100-227688,JRF20180902-065100-039964
400152541,2018:09:02:06:51:00:950,SELL,808501,0.1,JRF20180902-065100-227688,JRF20180902-065100-697446
400152542,2018:09:02:06:51:00:981,SELL,808501,0.16551165,JRF20180902-065100-227688,JRF20180902-065100-966843
400152543,2018:09:02:06:51:00:981,SELL,808500,0.13448835,JRF20180902-065100-361533,JRF20180902-065100-966843
400152544,2018:09:02:06:51:00:997,SELL,808500,0.01,JRF20180902-065100-361533,JRF20180902-065055-086129
400152545,2018:09:02:06:51:00:997,BUY,808513,0.119664,JRF20180902-065100-800447,JRF20180902-065100-540896
400152546,2018:09:02:06:51:00:997,BUY,808523,0.08,JRF20180902-065100-800447,JRF20180902-065100-050257
400152547,2018:09:02:06:51:00:997,BUY,808527,0.02,JRF20180902-065100-800447,JRF20180902-065100-200550
400152548,2018:09:02:06:51:00:997,BUY,808530,0.02,JRF20180902-065100-800447,JRF20180902-065100-361531
400152549,2018:09:02:06:51:00:997,BUY,808534,0.01,JRF20180902-065100-800447,JRF20180902-065100-083526
400152550,2018:09:02:06:51:00:997,BUY,808535,0.02,JRF20180902-065100-800447,JRF20180902-065059-083520
400152551,2018:09:02:06:51:01:013,BUY,808540,0.230336,JRF20180902-065100-800447,JRF20180902-065100-966844
400152552,2018:09:02:06:51:01:106,SELL,808500,0.02,JRF20180902-065100-361533,JRF20180902-065101-151350
400152553,2018:09:02:06:51:01:138,BUY,808540,0.01,JRF20180902-065100-788178,JRF20180902-065100-966844
400152554,2018:09:02:06:51:01:169,SELL,808500,0.03,JRF20180902-065100-361533,JRF20180902-065100-111557
400152555,2018:09:02:06:51:01:184,SELL,808500,0.00551165,JRF20180902-065100-361533,JRF20180902-065101-773835
400152556,2018:09:02:06:51:01:200,SELL,808427,0.01,JRF20180902-065100-515151,JRF20180902-065050-085285
400152557,2018:09:02:06:51:01:200,SELL,808423,0.01,JRF20180902-065101-800448,JRF20180902-065050-085285
400152558,2018:09:02:06:51:01:309,BUY,808481,0.01,JRF20180902-065101-966845,JRF20180902-065101-773835
400152559,2018:09:02:06:51:01:544,BUY,808481,0.281132,JRF20180902-065101-966847,JRF20180902-065101-773835
400152560,2018:09:02:06:51:01:716,SELL,808433,0.0863843,JRF20180902-065101-800456,JRF20180902-065101-800457
400152561,2018:09:02:06:51:01:747,SELL,808433,0.1539517,JRF20180902-065101-800456,JRF20180902-065101-800458
400152562,2018:09:02:06:51:01:747,SELL,808432,0.05,JRF20180902-065101-800453,JRF20180902-065101-800458
400152563,2018:09:02:06:51:01:747,SELL,808430,0.08,JRF20180902-065101-016596,JRF20180902-065101-800458
400152564,2018:09:02:06:51:01:747,SELL,808429,0.030682,JRF20180902-065101-151354,JRF20180902-065101-800458
400152565,2018:09:02:06:51:01:747,SELL,808426,0.02,JRF20180902-065101-050268,JRF20180902-065101-800458
400152566,2018:09:02:06:51:01:747,SELL,808423,0.03,JRF20180902-065101-800448,JRF20180902-065101-800458
400152567,2018:09:02:06:51:01:747,SELL,808423,0.01,JRF20180902-065101-540899,JRF20180902-065101-800458
400152568,2018:09:02:06:51:01:747,SELL,808422,0.003,JRF20180902-065044-361462,JRF20180902-065101-800458
400152569,2018:09:02:06:51:01:747,SELL,808422,0.01,JRF20180902-065043-394519,JRF20180902-065101-800458
400152570,2018:09:02:06:51:01:747,SELL,808422,0.01,JRF20180902-065043-872444,JRF20180902-065101-800458
400152571,2018:09:02:06:51:01:747,SELL,808422,1.6023663,JRF20180902-065048-151283,JRF20180902-065101-800458
400152572,2018:09:02:06:51:01:825,BUY,808461,0.3,JRF20180902-065100-394598,JRF20180902-065101-151355
400152573,2018:09:02:06:51:01:825,BUY,808474,0.08,JRF20180902-065100-394598,JRF20180902-065101-016597
400152574,2018:09:02:06:51:01:825,BUY,808478,0.06,JRF20180902-065100-394598,JRF20180902-065101-453188
400152575,2018:09:02:06:51:01:825,BUY,808481,1.70335635,JRF20180902-065100-394598,JRF20180902-065101-773835
400152576,2018:09:02:06:51:01:825,BUY,808482,0.011,JRF20180902-065100-394598,JRF20180902-065056-086174
400152577,2018:09:02:06:51:01:825,BUY,808483,0.01,JRF20180902-065100-394598,JRF20180902-065100-086841
400152578,2018:09:02:06:51:01:825,BUY,808491,0.20564365,JRF20180902-065100-394598,JRF20180902-065100-788182
400152579,2018:09:02:06:51:01:872,BUY,808491,0.16635635,JRF20180902-065101-361535,JRF20180902-065100-788182
400152580,2018:09:02:06:51:01:872,SELL,808500,0.01,JRF20180902-065101-361535,JRF20180902-065101-227690
400152581,2018:09:02:06:51:01:966,BUY,808505,0.01,JRF20180902-065058-086628,JRF20180902-065101-151353
400152582,2018:09:02:06:51:02:044,SELL,808500,0.01,JRF20180902-065101-361535,JRF20180902-065101-111562
400152583,2018:09:02:06:51:02:075,SELL,808500,0.062481,JRF20180902-065101-361535,JRF20180902-065101-800460
400152584,2018:09:02:06:51:02:075,SELL,808500,0.05,JRF20180902-065101-361535,JRF20180902-065101-800462
400152585,2018:09:02:06:51:02:122,SELL,808500,0.01,JRF20180902-065101-361535,JRF20180902-065101-043942
400152586,2018:09:02:06:51:02:138,BUY,808505,0.14,JRF20180902-065102-016604,JRF20180902-065101-151353
400152587,2018:09:02:06:51:02:138,BUY,808510,0.02,JRF20180902-065102-016604,JRF20180902-065101-800449
400152588,2018:09:02:06:51:02:138,BUY,808510,0.8,JRF20180902-065102-016604,JRF20180902-065101-800459
400152589,2018:09:02:06:51:02:138,BUY,808517,0.130689,JRF20180902-065102-016604,JRF20180902-065101-540900
400152590,2018:09:02:06:51:02:138,BUY,808528,0.05,JRF20180902-065102-016604,JRF20180902-065101-227692
400152591,2018:09:02:06:51:02:153,BUY,808533,0.01,JRF20180902-065102-016604,JRF20180902-065101-800455
400152592,2018:09:02:06:51:02:153,BUY,808535,0.27,JRF20180902-065102-016604,JRF20180902-065101-151352
400152593,2018:09:02:06:51:02:153,BUY,808546,0.01,JRF20180902-065102-016604,JRF20180902-065100-111556
400152594,2018:09:02:06:51:02:153,BUY,808550,0.569311,JRF20180902-065102-016604,JRF20180902-065051-016515
400152595,2018:09:02:06:51:02:170,SELL,808500,0.02,JRF20180902-065101-361535,JRF20180902-065102-200554
400152596,2018:09:02:06:51:02:200,SELL,808500,1.08,JRF20180902-065101-361535,JRF20180902-065101-227693
400152597,2018:09:02:06:51:02:247,SELL,808500,0.01,JRF20180902-065101-361535,JRF20180902-065101-087165
400152598,2018:09:02:06:51:02:263,SELL,808500,0.05,JRF20180902-065101-361535,JRF20180902-065102-151361
400152599,2018:09:02:06:51:02:294,SELL,808500,0.04,JRF20180902-065101-361535,JRF20180902-065102-800464
400152600,2018:09:02:06:51:02:419,SELL,808512,0.08,JRF20180902-065101-111567,JRF20180902-065102-773837
400152601,2018:09:02:06:51:02:466,SELL,808512,0.08,JRF20180902-065101-111567,JRF20180902-065102-697449
400152602,2018:09:02:06:51:02:528,SELL,808512,0.01,JRF20180902-065101-111567,JRF20180902-065102-912374
400152603,2018:09:02:06:51:02:606,SELL,808512,0.05,JRF20180902-065101-111567,JRF20180902-065102-406807
400152604,2018:09:02:06:51:02:700,SELL,808512,0.05,JRF20180902-065101-111567,JRF20180902-065102-406809
400152605,2018:09:02:06:51:02:731,SELL,808520,0.02,JRF20180902-065102-016608,JRF20180902-065102-083537
400152606,2018:09:02:06:51:02:747,SELL,808520,0.0654403,JRF20180902-065102-016608,JRF20180902-065102-540903
400152607,2018:09:02:06:51:02:825,BUY,808540,0.02,JRF20180902-065050-085305,JRF20180902-065102-540902
400152608,2018:09:02:06:51:02:934,BUY,808539,0.01,JRF20180902-065100-086897,JRF20180902-065102-016611
400152609,2018:09:02:06:51:02:950,BUY,808539,0.29,JRF20180902-065102-912378,JRF20180902-065102-016611
400152610,2018:09:02:06:51:02:950,BUY,808540,0.0325,JRF20180902-065102-912378,JRF20180902-065102-540902
400152611,2018:09:02:06:51:02:950,BUY,808540,0.3,JRF20180902-065102-912378,JRF20180902-065102-016606
400152612,2018:09:02:06:51:02:950,BUY,808543,0.08,JRF20180902-065102-912378,JRF20180902-065102-016607
400152613,2018:09:02:06:51:02:950,BUY,808547,0.02,JRF20180902-065102-912378,JRF20180902-065102-697452
400152614,2018:09:02:06:51:02:950,BUY,808548,0.0775,JRF20180902-065102-912378,JRF20180902-065102-800465
400152615,2018:09:02:06:51:03:138,BUY,808548,0.1,JRF20180902-065102-800469,JRF20180902-065102-800465
400152616,2018:09:02:06:51:03:497,SELL,808523,0.02,JRF20180902-065103-050273,JRF20180902-065103-872542
400152617,2018:09:02:06:51:03:512,SELL,808521,0.2,JRF20180902-065102-151368,JRF20180902-065103-872542
400152618,2018:09:02:06:51:03:512,SELL,808521,0.2,JRF20180902-065103-540905,JRF20180902-065103-872542
400152619,2018:09:02:06:51:03:512,SELL,808520,0.08,JRF20180902-065102-016608,JRF20180902-065103-872542
400152620,2018:09:02:06:51:03:622,BUY,808547,0.01,JRF20180902-065103-966856,JRF20180902-065103-453198
400152621,2018:09:02:06:51:03:669,BUY,808547,0.02086,JRF20180902-065103-515164,JRF20180902-065103-453198
400152622,2018:09:02:06:51:03:669,BUY,808548,0.0825,JRF20180902-065103-515164,JRF20180902-065102-800465
400152623,2018:09:02:06:51:03:669,BUY,808548,0.05,JRF20180902-065103-515164,JRF20180902-065103-640108
400152624,2018:09:02:06:51:03:669,BUY,808550,0.16664,JRF20180902-065103-515164,JRF20180902-065051-016515
400152625,2018:09:02:06:51:03:778,SELL,808526,0.02,JRF20180902-065103-361540,JRF20180902-065103-361541
400152626,2018:09:02:06:51:03:778,SELL,808520,0.0486853,JRF20180902-065102-016608,JRF20180902-065103-361541
400152627,2018:09:02:06:51:03:887,SELL,808520,0.0858744,JRF20180902-065102-016608,JRF20180902-065103-800476
400152628,2018:09:02:06:51:03:887,SELL,808520,0.01,JRF20180902-065103-640107,JRF20180902-065103-800476
400152629,2018:09:02:06:51:03:887,SELL,808515,0.4,JRF20180902-065102-912377,JRF20180902-065103-800476
400152630,2018:09:02:06:51:03:887,SELL,808514,0.01,JRF20180902-065103-361538,JRF20180902-065103-800476
400152631,2018:09:02:06:51:03:887,SELL,808514,0.01,JRF20180902-065103-540906,JRF20180902-065103-800476
400152632,2018:09:02:06:51:03:887,SELL,808513,0.01,JRF20180902-065102-640104,JRF20180902-065103-800476
400152633,2018:09:02:06:51:03:887,SELL,808512,0.0741256,JRF20180902-065101-111567,JRF20180902-065103-800476
400152634,2018:09:02:06:51:03:934,BUY,808550,0.10257826,JRF20180902-065103-872545,JRF20180902-065051-016515
400152635,2018:09:02:06:51:03:934,BUY,808550,0.05,JRF20180902-065103-872545,JRF20180902-065052-872481
400152636,2018:09:02:06:51:03:934,BUY,808550,0.01,JRF20180902-065103-872545,JRF20180902-065052-151305
400152637,2018:09:02:06:51:03:934,BUY,808550,0.01,JRF20180902-065103-872545,JRF20180902-065102-697450
400152638,2018:09:02:06:51:03:934,BUY,808560,0.1,JRF20180902-065103-872545,JRF20180902-065054-773817
400152639,2018:09:02:06:51:03:950,BUY,808566,0.01,JRF20180902-065103-872545,JRF20180902-065053-085823
400152640,2018:09:02:06:51:03:950,BUY,808566,0.01,JRF20180902-065103-872545,JRF20180902-065100-200547
400152641,2018:09:02:06:51:03:950,BUY,808567,0.01,JRF20180902-065103-872545,JRF20180902-065100-087063
400152642,2018:09:02:06:51:03:950,BUY,808569,0.04,JRF20180902-065103-872545,JRF20180902-065055-800422
400152643,2018:09:02:06:51:03:950,BUY,808569,0.01,JRF20180902-065103-872545,JRF20180902-065100-406798
400152644,2018:09:02:06:51:03:950,BUY,808585,0.01,JRF20180902-065103-872545,JRF20180902-065059-788176
400152645,2018:09:02:06:51:03:950,BUY,808590,0.02,JRF20180902-065103-872545,JRF20180902-065051-453154
400152646,2018:09:02:06:51:03:950,BUY,808599,0.01,JRF20180902-065103-872545,JRF20180902-065055-515106
400152647,2018:09:02:06:51:03:950,BUY,808600,0.02,JRF20180902-065103-872545,JRF20180902-065101-697447
400152648,2018:09:02:06:51:03:950,BUY,808601,0.01,JRF20180902-065103-872545,JRF20180902-065101-087214
400152649,2018:09:02:06:51:03:950,BUY,808605,0.2,JRF20180902-065103-872545,JRF20180902-065102-016609
400152650,2018:09:02:06:51:03:950,BUY,808607,1.5,JRF20180902-065103-872545,JRF20180902-065100-406799
400152651,2018:09:02:06:51:03:950,BUY,808612,0.01,JRF20180902-065103-872545,JRF20180902-065040-151248
400152652,2018:09:02:06:51:03:950,BUY,808613,0.2,JRF20180902-065103-872545,JRF20180902-065101-016598
400152653,2018:09:02:06:51:03:950,BUY,808619,0.01,JRF20180902-065103-872545,JRF20180902-065046-227640
400152654,2018:09:02:06:51:03:950,BUY,808619,0.01,JRF20180902-065103-872545,JRF20180902-065058-394586
400152655,2018:09:02:06:51:03:950,BUY,808620,0.01,JRF20180902-065103-872545,JRF20180902-065103-788199
400152656,2018:09:02:06:51:03:950,BUY,808625,0.01,JRF20180902-065103-872545,JRF20180902-065050-085404
400152657,2018:09:02:06:51:03:950,BUY,808627,0.03742174,JRF20180902-065103-872545,JRF20180902-065102-227700
400152658,2018:09:02:06:51:04:153,BUY,808547,0.02,JRF20180902-065103-406819,JRF20180902-065104-361542
400152659,2018:09:02:06:51:04:153,BUY,808600,0.03,JRF20180902-065103-406819,JRF20180902-065103-200562
400152660,2018:09:02:06:51:04:169,BUY,808600,0.07,JRF20180902-065104-773840,JRF20180902-065103-200562
400152661,2018:09:02:06:51:04:169,BUY,808627,0.03,JRF20180902-065104-773840,JRF20180902-065102-227700
400152662,2018:09:02:06:51:04:184,SELL,808521,0.02,JRF20180902-065103-050277,JRF20180902-065104-800478
400152663,2018:09:02:06:51:04:184,SELL,808520,0.08,JRF20180902-065103-697454,JRF20180902-065104-800478
400152664,2018:09:02:06:51:04:528,BUY,808545,0.01,JRF20180902-065100-087074,JRF20180902-065104-453202
400152665,2018:09:02:06:51:04:653,BUY,808545,0.01,JRF20180902-065101-087224,JRF20180902-065104-453202
400152666,2018:09:02:06:51:04:684,SELL,808527,0.01,JRF20180902-065104-540909,JRF20180902-065104-361544
400152667,2018:09:02:06:51:04:684,SELL,808524,0.0615575,JRF20180902-065104-151378,JRF20180902-065104-361544
400152668,2018:09:02:06:51:04:700,SELL,808524,0.002555,JRF20180902-065104-151378,JRF20180902-065104-111588
400152669,2018:09:02:06:51:04:700,SELL,808524,0.007445,JRF20180902-065104-800481,JRF20180902-065104-111588
400152670,2018:09:02:06:51:04:778,BUY,808545,0.25,JRF20180902-065104-640118,JRF20180902-065104-453202
400152671,2018:09:02:06:51:04:778,BUY,808546,0.05,JRF20180902-065104-640118,JRF20180902-065103-111585
400152672,2018:09:02:06:51:05:091,SELL,808551,0.7,JRF20180902-065104-515173,JRF20180902-065105-800486
400152673,2018:09:02:06:51:05:262,SELL,808551,0.01,JRF20180902-065104-515173,JRF20180902-065105-227712
400152674,2018:09:02:06:51:05:372,BUY,808596,0.04,JRF20180902-065105-800489,JRF20180902-065105-200571
400152675,2018:09:02:06:51:05:450,SELL,808576,0.05,JRF20180902-065105-697459,JRF20180902-065105-043967
400152676,2018:09:02:06:51:05:466,BUY,808596,0.06,JRF20180902-065105-227714,JRF20180902-065105-200571
400152677,2018:09:02:06:51:05:466,BUY,808606,0.05,JRF20180902-065105-227714,JRF20180902-065104-788205
400152678,2018:09:02:06:51:05:466,BUY,808606,0.00421187,JRF20180902-065105-227714,JRF20180902-065104-540910
400152679,2018:09:02:06:51:05:512,SELL,808576,0.01,JRF20180902-065105-697459,JRF20180902-065105-406824
400152680,2018:09:02:06:51:05:716,SELL,808576,0.0711071,JRF20180902-065105-697459,JRF20180902-065105-361546
400152681,2018:09:02:06:51:05:778,BUY,808596,0.159,JRF20180902-065105-912393,JRF20180902-065105-016631
400152682,2018:09:02:06:51:05:778,BUY,808603,0.02,JRF20180902-065105-912393,JRF20180902-065105-016632
400152683,2018:09:02:06:51:05:778,BUY,808605,0.05,JRF20180902-065105-912393,JRF20180902-065105-227716
400152684,2018:09:02:06:51:05:778,BUY,808606,0.041,JRF20180902-065105-912393,JRF20180902-065104-540910
400152685,2018:09:02:06:51:06:247,BUY,808605,0.01,JRF20180902-065106-151385,JRF20180902-065105-151384
400152686,2018:09:02:06:51:06:247,BUY,808606,0.07323713,JRF20180902-065106-151385,JRF20180902-065104-540910
400152687,2018:09:02:06:51:06:247,BUY,808606,0.01,JRF20180902-065106-151385,JRF20180902-065104-453203
400152688,2018:09:02:06:51:06:247,BUY,808606,0.00676287,JRF20180902-065106-151385,JRF20180902-065104-515170
400152690,2018:09:02:06:51:06:419,BUY,808606,0.49323713,JRF20180902-065106-773843,JRF20180902-065104-515170
400152691,2018:09:02:06:51:06:419,BUY,808616,0.00676287,JRF20180902-065106-773843,JRF20180902-065104-151380
400152692,2018:09:02:06:51:06:544,SELL,808586,0.01,JRF20180902-065106-200575,JRF20180902-065106-788214
400152693,2018:09:02:06:51:06:731,SELL,808589,0.02,JRF20180902-065106-697465,JRF20180902-065106-050293
400152694,2018:09:02:06:51:06:731,SELL,808586,0.059449,JRF20180902-065106-200575,JRF20180902-065106-050293
400152695,2018:09:02:06:51:06:762,BUY,808616,0.05246163,JRF20180902-065106-540914,JRF20180902-065104-151380
400152696,2018:09:02:06:51:06:762,BUY,808616,0.3,JRF20180902-065106-540914,JRF20180902-065104-966858
400152697,2018:09:02:06:51:06:762,BUY,808616,0.35753837,JRF20180902-065106-540914,JRF20180902-065104-800480
400152698,2018:09:02:06:51:06:872,SELL,808586,0.01,JRF20180902-065106-200575,JRF20180902-065106-394640
400152699,2018:09:02:06:51:06:981,BUY,808616,0.04246163,JRF20180902-065106-540915,JRF20180902-065104-800480
400152700,2018:09:02:06:51:06:981,BUY,808626,0.00753837,JRF20180902-065106-540915,JRF20180902-065104-111589
400152701,2018:09:02:06:51:07:184,BUY,808613,0.01,JRF20180902-065107-697469,JRF20180902-065106-361551
400152702,2018:09:02:06:51:07:278,BUY,808613,0.01,JRF20180902-065107-800497,JRF20180902-065106-361551
400152703,2018:09:02:06:51:07:278,BUY,808626,0.00246163,JRF20180902-065107-800497,JRF20180902-065104-111589
400152704,2018:09:02:06:51:07:278,BUY,808627,0.05757826,JRF20180902-065107-800497,JRF20180902-065102-227700
400152705,2018:09:02:06:51:07:278,BUY,808627,0.01,JRF20180902-065107-800497,JRF20180902-065104-697455
400152706,2018:09:02:06:51:07:278,BUY,808629,0.02,JRF20180902-065107-800497,JRF20180902-065042-912301
400152707,2018:09:02:06:51:07:294,BUY,808633,0.2,JRF20180902-065107-800497,JRF20180902-065100-016589
400152708,2018:09:02:06:51:07:294,BUY,808635,0.01,JRF20180902-065107-800497,JRF20180902-065102-087301
400152709,2018:09:02:06:51:07:294,BUY,808637,0.01,JRF20180902-065107-800497,JRF20180902-065042-394510
400152710,2018:09:02:06:51:07:294,BUY,808637,0.2,JRF20180902-065107-800497,JRF20180902-065059-016582
400152711,2018:09:02:06:51:07:294,BUY,808639,0.2,JRF20180902-065107-800497,JRF20180902-065103-016614
400152712,2018:09:02:06:51:07:294,BUY,808640,0.01,JRF20180902-065107-800497,JRF20180902-065100-086917
400152713,2018:09:02:06:51:07:294,BUY,808643,0.02,JRF20180902-065107-800497,JRF20180902-065043-406725
400152714,2018:09:02:06:51:07:294,BUY,808644,0.2,JRF20180902-065107-800497,JRF20180902-065056-016557
400152715,2018:09:02:06:51:07:294,BUY,808644,0.01,JRF20180902-065107-800497,JRF20180902-065105-697460
400152716,2018:09:02:06:51:07:294,BUY,808644,0.06,JRF20180902-065107-800497,JRF20180902-065105-640120
400152717,2018:09:02:06:51:07:294,BUY,808645,0.3,JRF20180902-065107-800497,JRF20180902-065059-151341
400152718,2018:09:02:06:51:07:294,BUY,808645,0.45,JRF20180902-065107-800497,JRF20180902-065100-016587
400152719,2018:09:02:06:51:07:294,BUY,808648,0.015,JRF20180902-065107-800497,JRF20180902-065044-043868
400152720,2018:09:02:06:51:07:294,BUY,808649,0.01,JRF20180902-065107-800497,JRF20180902-065047-084767
400152721,2018:09:02:06:51:07:294,BUY,808650,0.2,JRF20180902-065107-800497,JRF20180902-065057-016573
400152722,2018:09:02:06:51:07:294,BUY,808656,0.00496011,JRF20180902-065107-800497,JRF20180902-065042-084053
400152723,2018:09:02:06:51:07:325,BUY,808656,0.00503989,JRF20180902-065107-394652,JRF20180902-065042-084053
400152724,2018:09:02:06:51:07:325,BUY,808660,0.00496011,JRF20180902-065107-394652,JRF20180902-064319-148637
400152725,2018:09:02:06:51:07:340,BUY,808616,0.01,JRF20180902-065107-050295,JRF20180902-065107-394653
400152726,2018:09:02:06:51:07:387,SELL,808620,0.01,JRF20180902-065107-050295,JRF20180902-065107-394655
400152727,2018:09:02:06:51:07:403,SELL,808620,0.000551,JRF20180902-065107-050295,JRF20180902-065107-151396
400152728,2018:09:02:06:51:07:403,SELL,808611,0.179449,JRF20180902-065107-200580,JRF20180902-065107-151396
400152729,2018:09:02:06:51:07:419,SELL,808611,0.11394802,JRF20180902-065107-200580,JRF20180902-065107-515180
400152730,2018:09:02:06:51:07:450,SELL,808611,0.00660298,JRF20180902-065107-200580,JRF20180902-065107-966868
400152731,2018:09:02:06:51:07:450,SELL,808611,0.01,JRF20180902-065107-515181,JRF20180902-065107-966868
400152732,2018:09:02:06:51:07:544,BUY,808611,0.02,JRF20180902-065107-016640,JRF20180902-065107-966868
400152733,2018:09:02:06:51:07:637,SELL,808610,0.01,JRF20180902-065106-087881,JRF20180902-065107-361553
400152734,2018:09:02:06:51:07:637,SELL,808597,0.0763123,JRF20180902-065107-151390,JRF20180902-065107-361553
400152735,2018:09:02:06:51:07:669,BUY,808611,0.01,JRF20180902-065107-088009,JRF20180902-065107-966868
400152736,2018:09:02:06:51:07:731,BUY,808611,0.01,JRF20180902-065107-088066,JRF20180902-065107-966868
400152737,2018:09:02:06:51:07:903,BUY,808611,0.1,JRF20180902-065107-540919,JRF20180902-065107-966868
400152738,2018:09:02:06:51:07:981,BUY,808611,0.06,JRF20180902-065107-966869,JRF20180902-065107-966868
400152739,2018:09:02:06:51:08:028,BUY,808611,0.02,JRF20180902-065107-453213,JRF20180902-065107-966868
400152740,2018:09:02:06:51:08:044,BUY,808611,0.01,JRF20180902-065042-084061,JRF20180902-065107-966868
400152741,2018:09:02:06:51:08:153,BUY,808611,0.01339702,JRF20180902-065108-394680,JRF20180902-065107-966868
400152742,2018:09:02:06:51:08:434,BUY,808616,0.01,JRF20180902-065108-043982,JRF20180902-065107-406836
400152743,2018:09:02:06:51:08:450,SELL,808612,0.00660298,JRF20180902-065108-394680,JRF20180902-065108-697474
400152744,2018:09:02:06:51:08:450,SELL,808610,0.01,JRF20180902-065102-087318,JRF20180902-065108-697474
400152745,2018:09:02:06:51:08:450,SELL,808599,0.01,JRF20180902-065108-050298,JRF20180902-065108-697474
400152746,2018:09:02:06:51:08:450,SELL,808597,0.01339702,JRF20180902-065107-151390,JRF20180902-065108-697474
400152747,2018:09:02:06:51:08:544,SELL,808615,0.02,JRF20180902-065108-151400,JRF20180902-065108-773844
400152748,2018:09:02:06:51:08:590,BUY,808606,0.01,JRF20180902-065108-083581,JRF20180902-065108-773844
400152749,2018:09:02:06:51:08:794,SELL,808597,0.0819105,JRF20180902-065107-151390,JRF20180902-065108-540922
400152750,2018:09:02:06:51:08:856,BUY,808606,0.1,JRF20180902-065108-800501,JRF20180902-065108-773844
400152751,2018:09:02:06:51:09:262,SELL,808597,0.02838018,JRF20180902-065107-151390,JRF20180902-065108-697476
400152752,2018:09:02:06:51:09:262,SELL,808593,0.02,JRF20180902-065107-872565,JRF20180902-065108-697476
400152753,2018:09:02:06:51:09:262,SELL,808589,0.01341982,JRF20180902-065107-394648,JRF20180902-065108-697476
400152754,2018:09:02:06:51:09:294,BUY,808603,0.02,JRF20180902-065109-773846,JRF20180902-065108-966873
400152755,2018:09:02:06:51:09:294,BUY,808606,0.029,JRF20180902-065109-773846,JRF20180902-065108-773844
400152756,2018:09:02:06:51:09:294,BUY,808616,0.01,JRF20180902-065109-773846,JRF20180902-065107-111605
400152757,2018:09:02:06:51:09:294,BUY,808616,0.01,JRF20180902-065109-773846,JRF20180902-065107-515184
400152758,2018:09:02:06:51:09:294,BUY,808618,0.01,JRF20180902-065109-773846,JRF20180902-065107-912400
400152759,2018:09:02:06:51:09:294,BUY,808625,0.01,JRF20180902-065109-773846,JRF20180902-065106-087891
400152760,2018:09:02:06:51:09:294,BUY,808645,0.01,JRF20180902-065109-773846,JRF20180902-065107-088017
400152761,2018:09:02:06:51:09:294,BUY,808654,0.26,JRF20180902-065109-773846,JRF20180902-065107-361554
400152762,2018:09:02:06:51:09:294,BUY,808660,0.141,JRF20180902-065109-773846,JRF20180902-064319-148637
400152763,2018:09:02:06:51:09:544,BUY,808653,0.02942,JRF20180902-065109-966877,JRF20180902-065109-540923
400152764,2018:09:02:06:51:09:544,BUY,808660,0.02058,JRF20180902-065109-966877,JRF20180902-064319-148637
400152765,2018:09:02:06:51:09:606,BUY,808660,0.01,JRF20180902-065109-966878,JRF20180902-064319-148637
400152766,2018:09:02:06:51:09:637,BUY,808660,0.0102367,JRF20180902-065109-540924,JRF20180902-064319-148637
400152767,2018:09:02:06:51:09:637,BUY,808660,0.0167,JRF20180902-065109-540924,JRF20180902-065009-077199
400152768,2018:09:02:06:51:09:637,BUY,808661,0.01,JRF20180902-065109-540924,JRF20180902-065023-080543
400152769,2018:09:02:06:51:09:637,BUY,808662,0.01,JRF20180902-065109-540924,JRF20180902-065019-079015
400152770,2018:09:02:06:51:09:637,BUY,808662,0.011,JRF20180902-065109-540924,JRF20180902-065056-086351
400152771,2018:09:02:06:51:09:637,BUY,808663,0.01,JRF20180902-065109-540924,JRF20180902-064936-787789
400152772,2018:09:02:06:51:09:637,BUY,808663,0.01,JRF20180902-065109-540924,JRF20180902-065050-394550
400152773,2018:09:02:06:51:09:637,BUY,808664,0.01,JRF20180902-065109-540924,JRF20180902-065046-111500
400152774,2018:09:02:06:51:09:637,BUY,808665,0.01,JRF20180902-065109-540924,JRF20180902-065026-151153
400152775,2018:09:02:06:51:09:637,BUY,808665,0.0020633,JRF20180902-065109-540924,JRF20180902-065107-088074
400152776,2018:09:02:06:51:09:700,SELL,808600,0.02,JRF20180902-065109-016649,JRF20180902-065109-800503
400152777,2018:09:02:06:51:09:700,SELL,808599,0.01,JRF20180902-065109-016646,JRF20180902-065109-800503
400152778,2018:09:02:06:51:09:700,SELL,808589,0.03658018,JRF20180902-065107-394648,JRF20180902-065109-800503
400152779,2018:09:02:06:51:09:700,SELL,808589,0.00655182,JRF20180902-065108-966872,JRF20180902-065109-800503
400152780,2018:09:02:06:51:09:997,BUY,808665,0.0079367,JRF20180902-065109-453225,JRF20180902-065107-088074
400152781,2018:09:02:06:51:09:997,BUY,808666,0.1,JRF20180902-065109-453225,JRF20180902-063638-146243
400152782,2018:09:02:06:51:09:997,BUY,808667,0.01,JRF20180902-065109-453225,JRF20180902-065042-540824
400152783,2018:09:02:06:51:09:997,BUY,808668,0.056,JRF20180902-065109-453225,JRF20180902-064840-056577
400152784,2018:09:02:06:51:09:997,BUY,808668,0.01,JRF20180902-065109-453225,JRF20180902-065034-966763
400152785,2018:09:02:06:51:09:997,BUY,808670,0.03456201,JRF20180902-065109-453225,JRF20180902-065041-872433
400152786,2018:09:02:06:51:09:997,BUY,808671,0.013,JRF20180902-065109-453225,JRF20180902-064758-046869
400152787,2018:09:02:06:51:09:997,BUY,808675,0.032,JRF20180902-065109-453225,JRF20180902-064712-037809
400152788,2018:09:02:06:51:09:997,BUY,808676,0.03,JRF20180902-065109-453225,JRF20180902-065035-872404
400152789,2018:09:02:06:51:09:997,BUY,808676,0.00650129,JRF20180902-065109-453225,JRF20180902-065035-043825
400152790,2018:09:02:06:51:10:028,SELL,808660,0.01,JRF20180902-065109-773848,JRF20180902-065109-016654
400152791,2018:09:02:06:51:10:106,SELL,808660,0.01,JRF20180902-065109-697480,JRF20180902-065109-453226
400152792,2018:09:02:06:51:10:215,BUY,808657,0.030888,JRF20180902-065110-200591,JRF20180902-065109-453226
400152793,2018:09:02:06:51:10:247,BUY,808676,0.02349871,JRF20180902-065032-081973,JRF20180902-065035-043825
400152794,2018:09:02:06:51:10:247,BUY,808679,0.02,JRF20180902-065032-081973,JRF20180902-064819-052179
400152795,2018:09:02:06:51:10:247,BUY,808679,0.01,JRF20180902-065032-081973,JRF20180902-064925-787736
400152796,2018:09:02:06:51:10:247,BUY,808679,0.01,JRF20180902-065032-081973,JRF20180902-065035-394483
400152797,2018:09:02:06:51:10:247,BUY,808679,0.01,JRF20180902-065032-081973,JRF20180902-065043-640023
400152798,2018:09:02:06:51:10:247,BUY,808681,0.013,JRF20180902-065032-081973,JRF20180902-064917-065591
400152799,2018:09:02:06:51:10:247,BUY,808683,0.027,JRF20180902-065032-081973,JRF20180902-064724-039499
400152800,2018:09:02:06:51:10:247,BUY,808683,0.01,JRF20180902-065032-081973,JRF20180902-065012-540644
400152801,2018:09:02:06:51:10:247,BUY,808683,0.01,JRF20180902-065032-081973,JRF20180902-065051-085439
400152802,2018:09:02:06:51:10:247,BUY,808685,0.01,JRF20180902-065032-081973,JRF20180902-064959-074640
400152803,2018:09:02:06:51:10:247,BUY,808686,0.02,JRF20180902-065032-081973,JRF20180902-064952-016100
400152804,2018:09:02:06:51:10:247,BUY,808686,0.015,JRF20180902-065032-081973,JRF20180902-065051-872478
400152805,2018:09:02:06:51:10:247,BUY,808687,0.01,JRF20180902-065032-081973,JRF20180902-065019-078892
400152806,2018:09:02:06:51:10:247,BUY,808687,0.01,JRF20180902-065032-081973,JRF20180902-065108-515187
400152807,2018:09:02:06:51:10:247,BUY,808689,0.01,JRF20180902-065032-081973,JRF20180902-065041-640005
400152808,2018:09:02:06:51:10:247,BUY,808689,0.01,JRF20180902-065032-081973,JRF20180902-065042-640018
400152809,2018:09:02:06:51:10:247,BUY,808689,0.01,JRF20180902-065032-081973,JRF20180902-065106-640125
400152810,2018:09:02:06:51:10:247,BUY,808689,0.01,JRF20180902-065032-081973,JRF20180902-065108-453214
400152811,2018:09:02:06:51:10:247,BUY,808689,0.05,JRF20180902-065032-081973,JRF20180902-065109-083585
400152812,2018:09:02:06:51:10:247,BUY,808690,0.39150129,JRF20180902-065032-081973,JRF20180902-064744-049509
400152813,2018:09:02:06:51:10:309,SELL,808666,0.081776,JRF20180902-065110-200591,JRF20180902-065110-800506
400152814,2018:09:02:06:51:10:356,BUY,808690,0.30849871,JRF20180902-065110-016657,JRF20180902-064744-049509
400152815,2018:09:02:06:51:10:356,BUY,808690,0.19150129,JRF20180902-065110-016657,JRF20180902-064957-049987
400152816,2018:09:02:06:51:10:528,BUY,808675,0.030888,JRF20180902-065110-151406,JRF20180902-065110-050303
400152817,2018:09:02:06:51:10:528,BUY,808690,0.969112,JRF20180902-065110-151406,JRF20180902-064957-049987
400152818,2018:09:02:06:51:10:747,SELL,808670,0.01,JRF20180902-065107-088124,JRF20180902-065110-361559
400152819,2018:09:02:06:51:10:747,SELL,808666,0.0676968,JRF20180902-065110-200591,JRF20180902-065110-361559
400152820,2018:09:02:06:51:10:778,BUY,808690,0.01,JRF20180902-065107-088214,JRF20180902-064957-049987
400152821,2018:09:02:06:51:10:887,BUY,808682,0.01,JRF20180902-065110-773851,JRF20180902-065110-453229
400152822,2018:09:02:06:51:10:887,BUY,808690,0.49,JRF20180902-065110-773851,JRF20180902-064957-049987
400152823,2018:09:02:06:51:10:981,BUY,808674,0.01,JRF20180902-065110-016660,JRF20180902-065110-151408
400152824,2018:09:02:06:51:11:106,SELL,808673,0.02,JRF20180902-065110-050305,JRF20180902-065111-540930
400152825,2018:09:02:06:51:11:137,SELL,808668,0.26,JRF20180902-065111-151410,JRF20180902-065110-394700
400152826,2018:09:02:06:51:11:137,SELL,808666,0.30277,JRF20180902-065110-200591,JRF20180902-065110-394700
400152827,2018:09:02:06:51:11:231,BUY,808672,0.02,JRF20180902-065111-640148,JRF20180902-065111-540930
400152828,2018:09:02:06:51:11:340,SELL,808663,0.02,JRF20180902-065110-800508,JRF20180902-065111-227740
400152829,2018:09:02:06:51:11:418,BUY,808672,0.02,JRF20180902-065111-050309,JRF20180902-065111-540930
400152830,2018:09:02:06:51:11:543,BUY,808671,0.02,JRF20180902-065111-453233,JRF20180902-065111-050310
400152831,2018:09:02:06:51:11:700,SELL,808668,0.01,JRF20180902-065111-361560,JRF20180902-065111-800515
400152832,2018:09:02:06:51:11:700,SELL,808667,0.0917438,JRF20180902-065111-800513,JRF20180902-065111-800515
400152833,2018:09:02:06:51:11:778,BUY,808671,0.28277,JRF20180902-065111-966888,JRF20180902-065111-050310
400152834,2018:09:02:06:51:11:778,BUY,808672,0.04,JRF20180902-065111-966888,JRF20180902-065111-540930
400152835,2018:09:02:06:51:11:778,BUY,808674,0.071776,JRF20180902-065111-966888,JRF20180902-065110-151408
400152836,2018:09:02:06:51:11:778,BUY,808681,0.0676968,JRF20180902-065111-966888,JRF20180902-065111-200594
400152837,2018:09:02:06:51:11:778,BUY,808685,0.01,JRF20180902-065111-966888,JRF20180902-065107-088139
400152838,2018:09:02:06:51:11:778,BUY,808690,0.33938671,JRF20180902-065111-966888,JRF20180902-064957-049987
400152839,2018:09:02:06:51:11:778,BUY,808693,4,JRF20180902-065111-966888,JRF20180902-064313-109486
400152840,2018:09:02:06:51:11:778,BUY,808693,0.064,JRF20180902-065111-966888,JRF20180902-064640-029804
400152841,2018:09:02:06:51:11:778,BUY,808693,0.01,JRF20180902-065111-966888,JRF20180902-065051-085591
400152842,2018:09:02:06:51:11:778,BUY,808694,0.05,JRF20180902-065111-966888,JRF20180902-065105-966859
400152843,2018:09:02:06:51:11:778,BUY,808695,0.45,JRF20180902-065111-966888,JRF20180902-065109-453224
400152844,2018:09:02:06:51:11:778,BUY,808695,0.3,JRF20180902-065111-966888,JRF20180902-065109-016651
400152845,2018:09:02:06:51:11:778,BUY,808698,0.012,JRF20180902-065111-966888,JRF20180902-065103-087398
400152846,2018:09:02:06:51:11:778,BUY,808699,0.019,JRF20180902-065111-966888,JRF20180902-064759-047229
400152847,2018:09:02:06:51:11:778,BUY,808699,0.01,JRF20180902-065111-966888,JRF20180902-064917-065114
400152848,2018:09:02:06:51:11:778,BUY,808699,0.27337049,JRF20180902-065111-966888,JRF20180902-065035-043823
400152849,2018:09:02:06:51:12:028,SELL,808667,0.0082562,JRF20180902-065111-800513,JRF20180902-065111-083603
400152850,2018:09:02:06:51:12:028,SELL,808660,0.01,JRF20180902-065111-227738,JRF20180902-065111-083603
400152851,2018:09:02:06:51:12:106,BUY,808660,0.0017438,JRF20180902-065103-087402,JRF20180902-065111-083603
400152852,2018:09:02:06:51:12:122,BUY,808668,0.01,JRF20180902-065112-111629,JRF20180902-065111-151414
400152853,2018:09:02:06:51:12:340,BUY,808668,0.01,JRF20180902-065112-453236,JRF20180902-065111-151414
400152854,2018:09:02:06:51:12:340,SELL,808664,0.0102562,JRF20180902-065103-087402,JRF20180902-065112-697486
400152855,2018:09:02:06:51:12:403,SELL,808651,0.01,JRF20180902-065019-078908,JRF20180902-065112-090054
400152856,2018:09:02:06:51:12:481,BUY,808660,0.02,JRF20180902-065112-966890,JRF20180902-065112-697486
400152857,2018:09:02:06:51:12:512,BUY,808660,0.0497438,JRF20180902-065112-151420,JRF20180902-065112-697486
400152858,2018:09:02:06:51:12:512,BUY,808670,0.01,JRF20180902-065112-151420,JRF20180902-065111-111627
400152859,2018:09:02:06:51:12:512,BUY,808670,0.0402562,JRF20180902-065112-151420,JRF20180902-065111-227748
400152860,2018:09:02:06:51:12:543,BUY,808670,0.3,JRF20180902-065112-540932,JRF20180902-065111-227748
400152861,2018:09:02:06:51:12:762,SELL,808626,0.03,JRF20180902-065110-406848,JRF20180902-065112-050314
400152862,2018:09:02:06:51:12:762,SELL,808626,0.03,JRF20180902-065110-043992,JRF20180902-065112-050314
400152863,2018:09:02:06:51:12:762,SELL,808625,0.0378208,JRF20180902-065111-453232,JRF20180902-065112-050314
400152864,2018:09:02:06:51:12:856,BUY,808670,0.1,JRF20180902-065112-453241,JRF20180902-065111-227748
400152865,2018:09:02:06:51:12:918,BUY,808670,0.01,JRF20180902-065112-090132,JRF20180902-065111-227748
400152866,2018:09:02:06:51:12:981,SELL,808627,0.01,JRF20180902-065112-966891,JRF20180902-065112-912425
400152867,2018:09:02:06:51:13:043,BUY,808667,0.01,JRF20180902-065112-966893,JRF20180902-065112-361565
400152868,2018:09:02:06:51:13:121,BUY,808667,0.01,JRF20180902-065113-200601,JRF20180902-065112-361565
400152869,2018:09:02:06:51:13:121,BUY,808669,0.02932286,JRF20180902-065113-200601,JRF20180902-065112-361564
400152870,2018:09:02:06:51:13:262,BUY,808669,0.02,JRF20180902-065113-044002,JRF20180902-065112-361564
400152871,2018:09:02:06:51:13:715,SELL,808667,0.086182,JRF20180902-065113-016675,JRF20180902-065113-361567
400152872,2018:09:02:06:51:13:871,BUY,808669,0.03456201,JRF20180902-065113-151428,JRF20180902-065113-406869
400152873,2018:09:02:06:51:13:871,BUY,808669,0.01543799,JRF20180902-065113-151428,JRF20180902-065113-788246
400152874,2018:09:02:06:51:13:934,BUY,808669,0.03456201,JRF20180902-065113-200607,JRF20180902-065113-788246
400152875,2018:09:02:06:51:13:934,BUY,808691,0.01,JRF20180902-065113-200607,JRF20180902-065113-394713
400152876,2018:09:02:06:51:13:934,BUY,808692,0.01,JRF20180902-065113-200607,JRF20180902-065111-966889
400152877,2018:09:02:06:51:13:965,SELL,808692,0.02,JRF20180902-065113-200607,JRF20180902-065113-050323
400152879,2018:09:02:06:51:14:168,BUY,808694,0.01,JRF20180902-065114-773859,JRF20180902-065112-361563
400152880,2018:09:02:06:51:14:168,BUY,808694,0.04,JRF20180902-065114-773859,JRF20180902-065113-453246
400152881,2018:09:02:06:51:14:387,BUY,808693,0.03,JRF20180902-065114-800524,JRF20180902-065114-200610
400152882,2018:09:02:06:51:14:387,BUY,808693,0.096182,JRF20180902-065114-800524,JRF20180902-065114-050326
400152883,2018:09:02:06:51:14:387,BUY,808694,0.01,JRF20180902-065114-800524,JRF20180902-065113-453246
400152884,2018:09:02:06:51:14:387,BUY,808698,0.01,JRF20180902-065114-800524,JRF20180902-065113-800523
400152885,2018:09:02:06:51:14:387,BUY,808699,0.02662951,JRF20180902-065114-800524,JRF20180902-065035-043823
400152886,2018:09:02:06:51:14:387,BUY,808699,0.05,JRF20180902-065114-800524,JRF20180902-065109-083591
400152887,2018:09:02:06:51:14:387,BUY,808699,0.1,JRF20180902-065114-800524,JRF20180902-065110-043990
400152888,2018:09:02:06:51:14:387,BUY,808699,0.01,JRF20180902-065114-800524,JRF20180902-065113-800520
400152889,2018:09:02:06:51:14:387,BUY,808699,0.04,JRF20180902-065114-800524,JRF20180902-065113-800522
400152890,2018:09:02:06:51:14:387,BUY,808700,0.02,JRF20180902-065114-800524,JRF20180902-065003-452886
400152891,2018:09:02:06:51:14:387,BUY,808700,0.01718849,JRF20180902-065114-800524,JRF20180902-065013-361337
400152892,2018:09:02:06:51:14:418,SELL,808692,0.34330727,JRF20180902-065113-200607,JRF20180902-065114-912430
400152893,2018:09:02:06:51:14:418,SELL,808689,0.01,JRF20180902-065114-111643,JRF20180902-065114-912430
400152894,2018:09:02:06:51:14:450,BUY,808693,0.02,JRF20180902-065114-800526,JRF20180902-065114-800525
400152895,2018:09:02:06:51:14:481,BUY,808693,0.28,JRF20180902-065114-200611,JRF20180902-065114-800525
400152896,2018:09:02:06:51:14:481,BUY,808693,0.21827781,JRF20180902-065114-200611,JRF20180902-065114-151432
400152897,2018:09:02:06:51:14:496,SELL,808668,0.01,JRF20180902-065114-872595,JRF20180902-065114-016686
400152898,2018:09:02:06:51:14:528,SELL,808667,0.41905086,JRF20180902-065113-016675,JRF20180902-065114-540936
400152899,2018:09:02:06:51:14:543,SELL,808660,0.08094914,JRF20180902-065113-697493,JRF20180902-065114-540936
400152900,2018:09:02:06:51:14:543,BUY,808668,0.02456201,JRF20180902-065114-966896,JRF20180902-065114-016686
400152901,2018:09:02:06:51:14:543,BUY,808693,0.12543799,JRF20180902-065114-966896,JRF20180902-065114-151432
400152902,2018:09:02:06:51:14:653,BUY,808693,0.00696134,JRF20180902-065114-200613,JRF20180902-065114-151432
400152903,2018:09:02:06:51:14:653,BUY,808695,0.09303866,JRF20180902-065114-200613,JRF20180902-065114-044013
400152904,2018:09:02:06:51:14:700,SELL,808660,0.01905086,JRF20180902-065113-697493,JRF20180902-065114-361570
400152905,2018:09:02:06:51:14:700,SELL,808636,0.08067834,JRF20180902-065113-966894,JRF20180902-065114-361570
400152906,2018:09:02:06:51:14:731,BUY,808692,0.01,JRF20180902-065114-515204,JRF20180902-065114-016688
400152907,2018:09:02:06:51:14:746,BUY,808692,0.05,JRF20180902-065114-394724,JRF20180902-065114-016688
400152908,2018:09:02:06:51:14:856,BUY,808692,0.01,JRF20180902-065114-453256,JRF20180902-065114-016688
400152909,2018:09:02:06:51:14:871,BUY,808692,0.1,JRF20180902-065114-697495,JRF20180902-065114-016688
400152910,2018:09:02:06:51:14:934,BUY,808692,0.13,JRF20180902-065114-773860,JRF20180902-065114-016688
400152911,2018:09:02:06:51:14:934,BUY,808695,0.35696134,JRF20180902-065114-773860,JRF20180902-065114-044013
400152912,2018:09:02:06:51:14:934,BUY,808695,0.3,JRF20180902-065114-773860,JRF20180902-065114-453254
400152913,2018:09:02:06:51:14:934,BUY,808700,0.11303866,JRF20180902-065114-773860,JRF20180902-065013-361337
400152914,2018:09:02:06:51:14:965,BUY,808692,0.15,JRF20180902-065114-151435,JRF20180902-065114-016691
400152915,2018:09:02:06:51:15:075,BUY,808665,0.02,JRF20180902-065114-151436,JRF20180902-065114-050330
400152916,2018:09:02:06:51:15:075,BUY,808667,0.13,JRF20180902-065114-151436,JRF20180902-065114-966897
400152917,2018:09:02:06:51:15:090,BUY,808667,0.1,JRF20180902-065114-697496,JRF20180902-065114-966897
400152918,2018:09:02:06:51:15:153,BUY,808667,0.01,JRF20180902-065114-361572,JRF20180902-065114-966897
400152919,2018:09:02:06:51:15:215,BUY,808667,0.01,JRF20180902-065115-800528,JRF20180902-065114-966897
400152920,2018:09:02:06:51:15:309,BUY,808667,0.05,JRF20180902-065115-697497,JRF20180902-065114-966897
400152921,2018:09:02:06:51:15:309,BUY,808683,0.03,JRF20180902-065115-697497,JRF20180902-065114-540937
400152922,2018:09:02:06:51:15:543,BUY,808653,0.01,JRF20180902-065115-050331,JRF20180902-065115-090423
400152923,2018:09:02:06:51:15:543,BUY,808682,0.09,JRF20180902-065115-050331,JRF20180902-065115-540938
400152924,2018:09:02:06:51:15:559,BUY,808682,0.1,JRF20180902-065115-361573,JRF20180902-065115-540938
400152925,2018:09:02:06:51:15:575,BUY,808682,0.1,JRF20180902-065115-697500,JRF20180902-065115-540938
400152926,2018:09:02:06:51:15:668,SELL,808646,0.02,JRF20180902-065115-453259,JRF20180902-065115-361574
400152927,2018:09:02:06:51:15:668,SELL,808643,0.08,JRF20180902-065114-361571,JRF20180902-065115-361574
400152928,2018:09:02:06:51:15:668,SELL,808639,0.0004385,JRF20180902-065115-966898,JRF20180902-065115-361574
400152929,2018:09:02:06:51:15:715,BUY,808673,0.1,JRF20180902-065115-540940,JRF20180902-065115-453262
400152930,2018:09:02:06:51:15:731,BUY,808682,0.01,JRF20180902-065115-227767,JRF20180902-065115-540938
400152931,2018:09:02:06:51:15:731,BUY,808683,0.00333,JRF20180902-065115-227767,JRF20180902-065114-540937
400152932,2018:09:02:06:51:15:746,BUY,808683,0.029151,JRF20180902-065115-227768,JRF20180902-065114-540937
400152933,2018:09:02:06:51:15:746,BUY,808689,0.030849,JRF20180902-065115-227768,JRF20180902-065114-016693
400152934,2018:09:02:06:51:15:871,BUY,808689,0.0003915,JRF20180902-065115-200622,JRF20180902-065114-016693
400152935,2018:09:02:06:51:15:871,BUY,808690,0.05,JRF20180902-065115-200622,JRF20180902-065114-227764
400152936,2018:09:02:06:51:15:871,BUY,808691,0.01,JRF20180902-065115-200622,JRF20180902-065115-044017
400152937,2018:09:02:06:51:15:871,BUY,808692,0.34827781,JRF20180902-065115-200622,JRF20180902-065114-016691
400152938,2018:09:02:06:51:15:871,BUY,808692,0.34330727,JRF20180902-065115-200622,JRF20180902-065114-050328
400152939,2018:09:02:06:51:15:871,BUY,808692,0.41905086,JRF20180902-065115-200622,JRF20180902-065114-200616
400152940,2018:09:02:06:51:15:871,BUY,808692,0.01,JRF20180902-065115-200622,JRF20180902-065115-526375
400152941,2018:09:02:06:51:15:871,BUY,808699,0.01,JRF20180902-065115-200622,JRF20180902-065115-200621
400152942,2018:09:02:06:51:15:871,BUY,808700,0.66977285,JRF20180902-065115-200622,JRF20180902-065013-361337
400152943,2018:09:02:06:51:15:871,BUY,808700,1.93919971,JRF20180902-065115-200622,JRF20180902-065032-966758
400152944,2018:09:02:06:51:16:028,SELL,808649,0.02,JRF20180902-065115-200623,JRF20180902-065115-640169
400152945,2018:09:02:06:51:16:028,SELL,808639,0.0595615,JRF20180902-065115-966898,JRF20180902-065115-640169
400152946,2018:09:02:06:51:16:028,SELL,808636,0.21932166,JRF20180902-065113-966894,JRF20180902-065115-640169
400152947,2018:09:02:06:51:16:028,SELL,808632,0.01,JRF20180902-065115-090435,JRF20180902-065115-640169
400152948,2018:09:02:06:51:16:028,SELL,808631,0.14111684,JRF20180902-065113-016677,JRF20180902-065115-640169
400152949,2018:09:02:06:51:16:043,BUY,808700,3.8,JRF20180902-065115-200625,JRF20180902-065032-966758
400152950,2018:09:02:06:51:16:059,BUY,808700,0.1,JRF20180902-065115-453264,JRF20180902-065032-966758
400152951,2018:09:02:06:51:16:528,BUY,808653,0.05,JRF20180902-065116-200628,JRF20180902-065115-640170
400152952,2018:09:02:06:51:16:653,SELL,808666,0.0935697,JRF20180902-065116-200628,JRF20180902-065116-361580
400152953,2018:09:02:06:51:16:746,BUY,808689,0.1,JRF20180902-065116-200630,JRF20180902-065116-200627
400152954,2018:09:02:06:51:16:934,SELL,808666,0.1564303,JRF20180902-065116-200628,JRF20180902-065116-016699
400152955,2018:09:02:06:51:17:059,BUY,808652,0.0435697,JRF20180902-065116-540942,JRF20180902-065116-016699
400152956,2018:09:02:06:51:17:059,BUY,808686,0.02,JRF20180902-065116-540942,JRF20180902-065116-050333
400152957,2018:09:02:06:51:17:059,BUY,808695,0.01,JRF20180902-065116-540942,JRF20180902-065116-090571
400152958,2018:09:02:06:51:17:059,BUY,808698,0.05,JRF20180902-065116-540942,JRF20180902-065116-227770
400152959,2018:09:02:06:51:17:059,BUY,808699,0.01,JRF20180902-065116-540942,JRF20180902-065116-406880
400152960,2018:09:02:06:51:17:059,BUY,808699,0.01,JRF20180902-065116-540942,JRF20180902-065116-151441
400152961,2018:09:02:06:51:17:059,BUY,808700,0.0064303,JRF20180902-065116-540942,JRF20180902-065032-966758
400152962,2018:09:02:06:51:17:090,SELL,808642,0.05,JRF20180902-065116-151439,JRF20180902-065116-800537
400152963,2018:09:02:06:51:17:309,BUY,808700,0.01,JRF20180902-065117-788261,JRF20180902-065032-966758
400152964,2018:09:02:06:51:17:340,SELL,808670,0.01,JRF20180902-065116-090581,JRF20180902-065117-050335
400152965,2018:09:02:06:51:17:403,BUY,808649,0.01,JRF20180902-065117-453269,JRF20180902-065117-050335
400152966,2018:09:02:06:51:17:403,BUY,808688,0.05,JRF20180902-065117-453269,JRF20180902-065117-540943
400152967,2018:09:02:06:51:17:418,BUY,808688,0.011364,JRF20180902-065117-151445,JRF20180902-065117-540943
400152968,2018:09:02:06:51:17:418,BUY,808698,0.05,JRF20180902-065117-151445,JRF20180902-065117-394740
400152969,2018:09:02:06:51:17:418,BUY,808700,0.038636,JRF20180902-065117-151445,JRF20180902-065032-966758
400152970,2018:09:02:06:51:17:512,BUY,808686,0.01,JRF20180902-065117-151448,JRF20180902-065117-050336
400152971,2018:09:02:06:51:17:512,BUY,808694,0.030682,JRF20180902-065117-151448,JRF20180902-065117-016700
400152972,2018:09:02:06:51:17:512,BUY,808700,0.059318,JRF20180902-065117-151448,JRF20180902-065032-966758
400152973,2018:09:02:06:51:17:528,BUY,808700,0.2,JRF20180902-065117-151449,JRF20180902-065032-966758
400152974,2018:09:02:06:51:17:559,SELL,808649,0.05,JRF20180902-065117-151446,JRF20180902-065117-200634
400152975,2018:09:02:06:51:17:637,SELL,808651,0.091011,JRF20180902-065117-200635,JRF20180902-065117-540944
400152976,2018:09:02:06:51:17:684,SELL,808651,0.1,JRF20180902-065117-200635,JRF20180902-065117-966903
400152977,2018:09:02:06:51:17:699,BUY,808700,0.04,JRF20180902-065117-800541,JRF20180902-065032-966758
400152978,2018:09:02:06:51:17:715,BUY,808700,0.1,JRF20180902-065117-151450,JRF20180902-065032-966758
400152979,2018:09:02:06:51:18:043,BUY,808695,0.06,JRF20180902-065117-151455,JRF20180902-065117-800543
400152980,2018:09:02:06:51:18:043,BUY,808699,0.2,JRF20180902-065117-151455,JRF20180902-065117-016703
400152981,2018:09:02:06:51:18:043,BUY,808700,0.74,JRF20180902-065117-151455,JRF20180902-065032-966758
400152982,2018:09:02:06:51:18:074,BUY,808700,0.9,JRF20180902-065117-050339,JRF20180902-065032-966758
400152983,2018:09:02:06:51:18:324,SELL,808659,0.01,JRF20180902-065117-453274,JRF20180902-065118-090754
400152984,2018:09:02:06:51:18:356,BUY,808668,0.02,JRF20180902-065118-151460,JRF20180902-065118-361583
400152985,2018:09:02:06:51:18:356,BUY,808700,4.98,JRF20180902-065118-151460,JRF20180902-065032-966758
400152986,2018:09:02:06:51:18:403,BUY,808700,0.01,JRF20180902-065118-453276,JRF20180902-065032-966758
400152987,2018:09:02:06:51:18:496,BUY,808700,0.05,JRF20180902-065118-083636,JRF20180902-065032-966758
400152988,2018:09:02:06:51:18:512,BUY,808700,0.01,JRF20180902-065118-406890,JRF20180902-065032-966758
400152989,2018:09:02:06:51:18:559,SELL,808662,0.02,JRF20180902-065118-540947,JRF20180902-065118-788268
400152990,2018:09:02:06:51:18:559,SELL,808659,0.09,JRF20180902-065117-453274,JRF20180902-065118-788268
400152991,2018:09:02:06:51:18:559,SELL,808653,0.01,JRF20180902-065118-800548,JRF20180902-065118-788268
400152992,2018:09:02:06:51:18:559,SELL,808652,0.02,JRF20180902-065117-697508,JRF20180902-065118-788268
400152993,2018:09:02:06:51:18:559,SELL,808651,0.108989,JRF20180902-065117-200635,JRF20180902-065118-788268
400152994,2018:09:02:06:51:18:559,SELL,808650,0.05,JRF20180902-065117-515221,JRF20180902-065118-788268
400152995,2018:09:02:06:51:18:559,SELL,808648,0.08,JRF20180902-065117-361582,JRF20180902-065118-788268
400152996,2018:09:02:06:51:18:559,SELL,808646,0.296,JRF20180902-065117-151447,JRF20180902-065118-788268
400152997,2018:09:02:06:51:18:559,SELL,808641,0.01,JRF20180902-065116-515211,JRF20180902-065118-788268
400152998,2018:09:02:06:51:18:559,SELL,808640,0.01,JRF20180902-065116-044019,JRF20180902-065118-788268
400152999,2018:09:02:06:51:18:559,SELL,808632,0.01,JRF20180902-065116-200629,JRF20180902-065118-788268
400153000,2018:09:02:06:51:18:559,SELL,808631,0.12888316,JRF20180902-065113-016677,JRF20180902-065118-788268
400153001,2018:09:02:06:51:18:559,SELL,808629,0.02,JRF20180902-065113-050321,JRF20180902-065118-788268
400153002,2018:09:02:06:51:18:559,SELL,808626,0.01,JRF20180902-065112-800519,JRF20180902-065118-788268
400153003,2018:09:02:06:51:18:559,SELL,808626,0.01,JRF20180902-065113-453250,JRF20180902-065118-788268
400153004,2018:09:02:06:51:18:559,SELL,808620,0.01,JRF20180902-065023-080555,JRF20180902-065118-788268
400153005,2018:09:02:06:51:18:559,SELL,808607,0.01,JRF20180902-065110-966882,JRF20180902-065118-788268
400153006,2018:09:02:06:51:18:559,SELL,808606,0.01422784,JRF20180902-065114-151434,JRF20180902-065118-788268
400153007,2018:09:02:06:51:18:746,SELL,808652,0.08,JRF20180902-065118-640185,JRF20180902-065118-361587
400153008,2018:09:02:06:51:18:746,SELL,808606,0.0101957,JRF20180902-065114-151434,JRF20180902-065118-361587
400153010,2018:09:02:06:51:18:887,BUY,808700,0.678,JRF20180902-065118-453278,JRF20180902-065032-966758
400153011,2018:09:02:06:51:18:981,SELL,808667,0.06,JRF20180902-065118-151466,JRF20180902-065118-090852
400153012,2018:09:02:06:51:19:043,BUY,808685,0.03,JRF20180902-065118-361588,JRF20180902-065118-200643
400153013,2018:09:02:06:51:19:215,SELL,808667,0.19,JRF20180902-065118-151466,JRF20180902-065119-788273
400153014,2018:09:02:06:51:19:215,SELL,808665,0.02,JRF20180902-065118-200641,JRF20180902-065119-788273
400153015,2018:09:02:06:51:19:262,BUY,808657,0.04,JRF20180902-065119-151469,JRF20180902-065119-788273
400153016,2018:09:02:06:51:19:262,BUY,808685,0.01,JRF20180902-065119-151469,JRF20180902-065118-200643
400153017,2018:09:02:06:51:19:293,BUY,808685,0.04,JRF20180902-065119-050342,JRF20180902-065118-200643
400153018,2018:09:02:06:51:19:293,BUY,808689,0.05,JRF20180902-065119-050342,JRF20180902-065119-200644
400153019,2018:09:02:06:51:19:293,BUY,808690,0.01,JRF20180902-065119-050342,JRF20180902-065118-912451
400153020,2018:09:02:06:51:19:371,BUY,808690,0.04,JRF20180902-065119-151472,JRF20180902-065118-912451
400153021,2018:09:02:06:51:19:371,BUY,808690,0.16,JRF20180902-065119-151472,JRF20180902-065119-773868
400153022,2018:09:02:06:51:19:543,BUY,808691,0.01,JRF20180902-065119-773869,JRF20180902-065118-083639
400153023,2018:09:02:06:51:19:543,BUY,808692,0.05,JRF20180902-065119-773869,JRF20180902-065119-406897
400153024,2018:09:02:06:51:19:621,BUY,808693,0.08,JRF20180902-065119-361590,JRF20180902-065119-016711
400153025,2018:09:02:06:51:19:621,BUY,808695,0.45,JRF20180902-065119-361590,JRF20180902-065119-151475
400153026,2018:09:02:06:51:19:621,BUY,808699,0.01,JRF20180902-065119-361590,JRF20180902-065118-515226
400153027,2018:09:02:06:51:19:621,BUY,808699,0.04,JRF20180902-065119-361590,JRF20180902-065119-800550
400153028,2018:09:02:06:51:19:621,BUY,808699,0.01,JRF20180902-065119-361590,JRF20180902-065119-697511
400153029,2018:09:02:06:51:19:621,BUY,808700,0.41,JRF20180902-065119-361590,JRF20180902-065032-966758
400153030,2018:09:02:06:51:19:699,SELL,808670,0.01,JRF20180902-065119-044038,JRF20180902-065119-361591
400153031,2018:09:02:06:51:19:699,SELL,808636,0.069738,JRF20180902-065119-800551,JRF20180902-065119-361591
400153032,2018:09:02:06:51:19:887,BUY,808678,0.01,JRF20180902-065119-788276,JRF20180902-065119-016714
400153033,2018:09:02:06:51:19:918,SELL,808643,0.05,JRF20180902-065119-016718,JRF20180902-065119-016719
400153034,2018:09:02:06:51:20:418,SELL,808669,0.01,JRF20180902-065119-151479,JRF20180902-065120-361594
400153035,2018:09:02:06:51:20:527,BUY,808668,0.09,JRF20180902-065120-697517,JRF20180902-065120-361594
400153036,2018:09:02:06:51:20:527,BUY,808675,0.02,JRF20180902-065120-697517,JRF20180902-065120-697514
400153037,2018:09:02:06:51:20:527,BUY,808678,0.05,JRF20180902-065120-697517,JRF20180902-065119-016714
400153038,2018:09:02:06:51:20:543,BUY,808678,0.02,JRF20180902-065120-966913,JRF20180902-065119-016714
400153039,2018:09:02:06:51:20:637,BUY,808682,0.02,JRF20180902-065120-773875,JRF20180902-065119-016712
400153040,2018:09:02:06:51:20:637,BUY,808691,0.05,JRF20180902-065120-773875,JRF20180902-065119-640188
400153041,2018:09:02:06:51:20:637,BUY,808695,0.3,JRF20180902-065120-773875,JRF20180902-065119-453282
400153042,2018:09:02:06:51:20:637,BUY,808700,7.63,JRF20180902-065120-773875,JRF20180902-065032-966758
400153043,2018:09:02:06:51:20:699,SELL,808679,0.02,JRF20180902-065120-966913,JRF20180902-065120-800556
400153044,2018:09:02:06:51:20:824,SELL,808679,0.0832795,JRF20180902-065120-966913,JRF20180902-065120-800557
400153045,2018:09:02:06:51:20:934,SELL,808679,0.01,JRF20180902-065120-966913,JRF20180902-065120-361596
400153046,2018:09:02:06:51:20:996,SELL,808679,0.02,JRF20180902-065120-966913,JRF20180902-065120-406902
400153047,2018:09:02:06:51:21:027,BUY,808693,0.01,JRF20180902-065120-872615,JRF20180902-065120-200656
400153048,2018:09:02:06:51:21:027,BUY,808700,0.19,JRF20180902-065120-872615,JRF20180902-065032-966758
400153049,2018:09:02:06:51:21:074,BUY,808700,0.22,JRF20180902-065120-083650,JRF20180902-065032-966758
400153050,2018:09:02:06:51:21:262,BUY,808697,0.02,JRF20180902-065121-016730,JRF20180902-065121-361597
400153051,2018:09:02:06:51:21:262,BUY,808700,0.5326879,JRF20180902-065121-016730,JRF20180902-065032-966758
400153052,2018:09:02:06:51:21:481,BUY,808699,0.01333,JRF20180902-065121-406905,JRF20180902-065121-111661
400153053,2018:09:02:06:51:21:543,BUY,808699,0.03667,JRF20180902-065121-200661,JRF20180902-065121-111661
400153054,2018:09:02:06:51:21:543,BUY,808700,0.26333,JRF20180902-065121-200661,JRF20180902-065032-966758
400153055,2018:09:02:06:51:21:699,SELL,808682,0.02,JRF20180902-065121-966918,JRF20180902-065121-050358
400153056,2018:09:02:06:51:21:699,SELL,808679,0.065035,JRF20180902-065120-966913,JRF20180902-065121-050358
400153058,2018:09:02:06:51:21:949,SELL,808679,0.05,JRF20180902-065120-966913,JRF20180902-065121-200664
400153059,2018:09:02:06:51:22:027,BUY,808696,0.0057735,JRF20180902-065121-016738,JRF20180902-065121-966917
400153060,2018:09:02:06:51:22:027,BUY,808700,0.9942265,JRF20180902-065121-016738,JRF20180902-065032-966758
400153061,2018:09:02:06:51:22:152,BUY,808693,0.02,JRF20180902-065121-540957,JRF20180902-065121-540958
400153062,2018:09:02:06:51:22:152,BUY,808700,0.98,JRF20180902-065121-540957,JRF20180902-065032-966758
400153063,2018:09:02:06:51:22:215,BUY,808697,0.5469144,JRF20180902-065122-540959,JRF20180902-065122-016741
400153064,2018:09:02:06:51:22:215,BUY,808698,3,JRF20180902-065122-540959,JRF20180902-065122-640198
400153065,2018:09:02:06:51:22:215,BUY,808700,1.4530856,JRF20180902-065122-540959,JRF20180902-065032-966758
400153066,2018:09:02:06:51:22:324,BUY,808698,0.01,JRF20180902-065122-540960,JRF20180902-065122-773881
400153067,2018:09:02:06:51:22:324,BUY,808700,0.99,JRF20180902-065122-540960,JRF20180902-065032-966758
400153068,2018:09:02:06:51:22:371,BUY,808700,0.5530893,JRF20180902-065122-050361,JRF20180902-065032-966758
400153069,2018:09:02:06:51:22:402,BUY,808700,0.01,JRF20180902-065122-016744,JRF20180902-065032-966758
400153070,2018:09:02:06:51:22:684,BUY,808699,0.1,JRF20180902-065122-016748,JRF20180902-065122-200667
400153071,2018:09:02:06:51:22:809,SELL,808685,0.05,JRF20180902-065122-151496,JRF20180902-065122-361601
400153072,2018:09:02:06:51:22:809,SELL,808682,0.02,JRF20180902-065122-200666,JRF20180902-065122-361601
400153073,2018:09:02:06:51:22:809,SELL,808679,0.0179868,JRF20180902-065120-966913,JRF20180902-065122-361601
400153074,2018:09:02:06:51:22:934,SELL,808679,0.0136987,JRF20180902-065120-966913,JRF20180902-065122-394753
400153075,2018:09:02:06:51:22:934,SELL,808679,0.05,JRF20180902-065122-111663,JRF20180902-065122-394753
400153076,2018:09:02:06:51:22:934,SELL,808654,0.1363013,JRF20180902-065122-151493,JRF20180902-065122-394753
400153077,2018:09:02:06:51:22:949,BUY,808699,0.4530893,JRF20180902-065122-773883,JRF20180902-065122-200667
400153078,2018:09:02:06:51:22:949,BUY,808700,0.5469107,JRF20180902-065122-773883,JRF20180902-065032-966758
400153079,2018:09:02:06:51:23:090,SELL,808681,0.05,JRF20180902-065122-788289,JRF20180902-065123-912461
400153080,2018:09:02:06:51:23:090,SELL,808667,0.01,JRF20180902-065122-515241,JRF20180902-065123-912461
400153081,2018:09:02:06:51:23:090,SELL,808654,0.14,JRF20180902-065122-151493,JRF20180902-065123-912461
400153082,2018:09:02:06:51:23:105,SELL,808654,0.2,JRF20180902-065122-151493,JRF20180902-065123-912462
400153083,2018:09:02:06:51:23:246,BUY,808696,0.02,JRF20180902-065123-540961,JRF20180902-065122-050363
400153084,2018:09:02:06:51:23:246,BUY,808698,0.2,JRF20180902-065123-540961,JRF20180902-065123-016750
400153085,2018:09:02:06:51:23:246,BUY,808700,0.78,JRF20180902-065123-540961,JRF20180902-065032-966758
400153086,2018:09:02:06:51:23:387,SELL,808656,0.05,JRF20180902-065123-912463,JRF20180902-065123-640207
400153087,2018:09:02:06:51:23:387,SELL,808654,0.15,JRF20180902-065122-151493,JRF20180902-065123-640207
400153088,2018:09:02:06:51:23:543,SELL,808681,0.08,JRF20180902-065123-406918,JRF20180902-065123-640208
400153089,2018:09:02:06:51:23:543,SELL,808661,0.12,JRF20180902-065123-016755,JRF20180902-065123-640208
400153090,2018:09:02:06:51:23:559,SELL,808661,0.181,JRF20180902-065123-016755,JRF20180902-065123-640209
400153091,2018:09:02:06:51:23:559,SELL,808659,0.02,JRF20180902-065123-016756,JRF20180902-065123-640209
400153092,2018:09:02:06:51:23:559,SELL,808654,0.3736987,JRF20180902-065122-151493,JRF20180902-065123-640209
400153093,2018:09:02:06:51:23:559,SELL,808643,0.01,JRF20180902-065120-200651,JRF20180902-065123-640209
400153094,2018:09:02:06:51:23:559,SELL,808638,0.1121792,JRF20180902-065121-540954,JRF20180902-065123-640209
400153095,2018:09:02:06:51:23:559,SELL,808636,0.930262,JRF20180902-065119-800551,JRF20180902-065123-640209
400153096,2018:09:02:06:51:23:559,SELL,808609,0.01,JRF20180902-065119-515231,JRF20180902-065123-640209
400153097,2018:09:02:06:51:23:559,SELL,808608,0.01,JRF20180902-065119-912455,JRF20180902-065123-640209
400153098,2018:09:02:06:51:23:574,SELL,808606,0.07557646,JRF20180902-065114-151434,JRF20180902-065123-640209
400153099,2018:09:02:06:51:23:574,SELL,808606,0.01,JRF20180902-065115-515206,JRF20180902-065123-640209
400153100,2018:09:02:06:51:23:574,SELL,808605,0.011,JRF20180902-065056-086364,JRF20180902-065123-640209
400153101,2018:09:02:06:51:23:574,SELL,808603,0.02,JRF20180902-065109-200589,JRF20180902-065123-640209
400153102,2018:09:02:06:51:23:574,SELL,808594,0.02,JRF20180902-065110-912412,JRF20180902-065123-640209
400153103,2018:09:02:06:51:23:574,SELL,808594,0.03,JRF20180902-065113-361568,JRF20180902-065123-640209
400153104,2018:09:02:06:51:23:574,SELL,808593,0.01,JRF20180902-065119-050343,JRF20180902-065123-640209
400153105,2018:09:02:06:51:23:574,SELL,808592,0.17628364,JRF20180902-065114-016689,JRF20180902-065123-640209
400153106,2018:09:02:06:51:23:621,SELL,808685,0.01,JRF20180902-065123-091372,JRF20180902-065123-394756
400153107,2018:09:02:06:51:23:637,SELL,808592,0.02371636,JRF20180902-065114-016689,JRF20180902-065123-394756
400153108,2018:09:02:06:51:23:637,SELL,808591,0.01,JRF20180902-065112-090068,JRF20180902-065123-394756
400153109,2018:09:02:06:51:23:637,SELL,808589,0.15628364,JRF20180902-065109-043985,JRF20180902-065123-394756
400153110,2018:09:02:06:51:23:684,BUY,808685,0.01,JRF20180902-065123-083658,JRF20180902-065123-912470
400153111,2018:09:02:06:51:23:684,BUY,808686,0.08018453,JRF20180902-065123-083658,JRF20180902-065123-773888
400153112,2018:09:02:06:51:23:730,SELL,808633,0.01,JRF20180902-065123-091517,JRF20180902-065123-800574
400153113,2018:09:02:06:51:23:730,SELL,808604,0.0728513,JRF20180902-065123-912468,JRF20180902-065123-800574
400153114,2018:09:02:06:51:23:762,BUY,808686,0.04,JRF20180902-065123-800575,JRF20180902-065123-773888
400153115,2018:09:02:06:51:23:777,SELL,808632,0.05,JRF20180902-065123-151503,JRF20180902-065123-453292
400153116,2018:09:02:06:51:23:840,BUY,808686,0.01,JRF20180902-065123-966921,JRF20180902-065123-773888
400153117,2018:09:02:06:51:24:105,SELL,808670,0.01,JRF20180902-065123-111668,JRF20180902-065117-090679
400153118,2018:09:02:06:51:24:246,BUY,808650,0.01,JRF20180902-065124-966923,JRF20180902-065123-091529
400153119,2018:09:02:06:51:24:246,BUY,808678,0.3,JRF20180902-065124-966923,JRF20180902-065124-800577
400153120,2018:09:02:06:51:24:246,BUY,808683,0.02,JRF20180902-065124-966923,JRF20180902-065123-540965
400153121,2018:09:02:06:51:24:246,BUY,808683,0.06,JRF20180902-065124-966923,JRF20180902-065124-966922
400153122,2018:09:02:06:51:24:246,BUY,808684,0.05,JRF20180902-065124-966923,JRF20180902-065123-640212
400153123,2018:09:02:06:51:24:246,BUY,808684,0.05,JRF20180902-065124-966923,JRF20180902-065123-044050
400153124,2018:09:02:06:51:24:246,BUY,808685,0.01,JRF20180902-065124-966923,JRF20180902-065123-044049
400153125,2018:09:02:06:51:24:371,BUY,808683,0.05,JRF20180902-065124-453296,JRF20180902-065124-151504
400153126,2018:09:02:06:51:24:371,BUY,808683,0.06,JRF20180902-065124-453296,JRF20180902-065124-151506
400153127,2018:09:02:06:51:24:371,BUY,808685,0.2,JRF20180902-065124-453296,JRF20180902-065123-016758
400153128,2018:09:02:06:51:24:387,BUY,808686,0.03081547,JRF20180902-065124-453296,JRF20180902-065123-773888
400153129,2018:09:02:06:51:24:387,BUY,808700,3.65918453,JRF20180902-065124-453296,JRF20180902-065032-966758
400153130,2018:09:02:06:51:24:465,SELL,808670,0.01,JRF20180902-065124-773893,JRF20180902-065124-083663
400153131,2018:09:02:06:51:24:684,BUY,808680,0.05,JRF20180902-065124-800579,JRF20180902-065124-016761
400153132,2018:09:02:06:51:24:684,BUY,808680,0.06,JRF20180902-065124-800579,JRF20180902-065124-966924
400153133,2018:09:02:06:51:24:684,BUY,808680,0.02,JRF20180902-065124-800579,JRF20180902-065124-200677
400153134,2018:09:02:06:51:24:684,BUY,808681,0.05,JRF20180902-065124-800579,JRF20180902-065124-788293
400153135,2018:09:02:06:51:24:684,BUY,808684,0.01,JRF20180902-065124-800579,JRF20180902-065124-151508
400153136,2018:09:02:06:51:24:684,BUY,808685,0.05,JRF20180902-065124-800579,JRF20180902-065124-872630
400153137,2018:09:02:06:51:24:684,BUY,808699,0.01,JRF20180902-065124-800579,JRF20180902-065124-200679
400153138,2018:09:02:06:51:24:684,BUY,808700,4.75,JRF20180902-065124-800579,JRF20180902-065032-966758
400153139,2018:09:02:06:51:24:715,SELL,808639,0.08,JRF20180902-065124-697528,JRF20180902-065124-361610
400153140,2018:09:02:06:51:24:715,SELL,808637,0.0035789,JRF20180902-065124-151507,JRF20180902-065124-361610
400153141,2018:09:02:06:51:24:746,BUY,808700,0.01,JRF20180902-065118-090762,JRF20180902-065032-966758
400153142,2018:09:02:06:51:24:902,SELL,808637,0.01,JRF20180902-065124-151507,JRF20180902-065124-515251
400153143,2018:09:02:06:51:24:918,BUY,808643,0.1,JRF20180902-065124-697530,JRF20180902-065124-540967
400153144,2018:09:02:06:51:24:996,BUY,808643,0.08,JRF20180902-065124-540968,JRF20180902-065124-540967
400153145,2018:09:02:06:51:25:012,BUY,808643,0.32,JRF20180902-065124-200682,JRF20180902-065124-540967
400153146,2018:09:02:06:51:25:012,BUY,808700,2.36590146,JRF20180902-065124-200682,JRF20180902-065032-966758
400153147,2018:09:02:06:51:25:012,BUY,808700,0.01,JRF20180902-065124-200682,JRF20180902-065104-697458
400153148,2018:09:02:06:51:25:012,BUY,808700,2,JRF20180902-065124-200682,JRF20180902-065120-016726
400153149,2018:09:02:06:51:25:090,SELL,808700,1.7,JRF20180902-065124-200682,JRF20180902-065124-016764
400153152,2018:09:02:06:51:25:184,SELL,808700,0.02,JRF20180902-065124-200682,JRF20180902-065125-361611
400153153,2018:09:02:06:51:25:230,SELL,808700,0.2,JRF20180902-065124-200682,JRF20180902-065124-912477
400153154,2018:09:02:06:51:25:293,BUY,808703,0.019,JRF20180902-065125-016767,JRF20180902-064946-111219
400153155,2018:09:02:06:51:25:293,BUY,808704,0.01,JRF20180902-065125-016767,JRF20180902-065026-083344
400153156,2018:09:02:06:51:25:293,BUY,808705,0.01,JRF20180902-065125-016767,JRF20180902-065107-088221
400153157,2018:09:02:06:51:25:293,BUY,808706,0.021,JRF20180902-065125-016767,JRF20180902-063514-039620
400153158,2018:09:02:06:51:25:465,BUY,808706,0.249,JRF20180902-065125-151515,JRF20180902-063514-039620
400153159,2018:09:02:06:51:25:465,BUY,808706,0.01,JRF20180902-065125-151515,JRF20180902-065115-394733
400153160,2018:09:02:06:51:25:465,BUY,808707,0.01,JRF20180902-065125-151515,JRF20180902-065040-083835
400153161,2018:09:02:06:51:25:465,BUY,808710,0.01,JRF20180902-065125-151515,JRF20180902-064947-773566
400153162,2018:09:02:06:51:25:465,BUY,808710,0.01,JRF20180902-065125-151515,JRF20180902-065014-077904
400153163,2018:09:02:06:51:25:465,BUY,808710,0.01,JRF20180902-065125-151515,JRF20180902-065124-788292
400153164,2018:09:02:06:51:25:465,BUY,808711,0.04,JRF20180902-065125-151515,JRF20180902-065055-640072
400153165,2018:09:02:06:51:25:465,BUY,808712,0.01,JRF20180902-065125-151515,JRF20180902-064959-074825
400153166,2018:09:02:06:51:25:465,BUY,808712,0.015,JRF20180902-065125-151515,JRF20180902-065030-111439
400153167,2018:09:02:06:51:25:465,BUY,808712,0.02,JRF20180902-065125-151515,JRF20180902-065121-515237
400153168,2018:09:02:06:51:25:465,BUY,808713,0.3,JRF20180902-065125-151515,JRF20180902-064939-966495
400153169,2018:09:02:06:51:25:465,BUY,808713,0.216,JRF20180902-065125-151515,JRF20180902-064941-800026
400153170,2018:09:02:06:51:25:527,SELL,808700,0.08,JRF20180902-065124-200682,JRF20180902-065125-697534
400153171,2018:09:02:06:51:25:621,BUY,808713,0.084,JRF20180902-065125-200686,JRF20180902-064941-800026
400153172,2018:09:02:06:51:25:621,BUY,808716,0.3,JRF20180902-065125-200686,JRF20180902-063425-534567
400153173,2018:09:02:06:51:25:621,BUY,808720,0.1,JRF20180902-065125-200686,JRF20180902-064921-066501
400153174,2018:09:02:06:51:25:621,BUY,808721,0.01,JRF20180902-065125-200686,JRF20180902-065122-091015
400153175,2018:09:02:06:51:25:621,BUY,808723,0.1,JRF20180902-065125-200686,JRF20180902-063425-008033
400153176,2018:09:02:06:51:25:621,BUY,808727,0.006,JRF20180902-065125-200686,JRF20180902-063514-008465
400153177,2018:09:02:06:51:25:668,SELL,808701,0.01,JRF20180902-065125-200685,JRF20180902-065125-200687
400153178,2018:09:02:06:51:25:684,SELL,808701,0.19,JRF20180902-065125-200685,JRF20180902-065125-044058
400153179,2018:09:02:06:51:25:684,SELL,808701,0.01,JRF20180902-065125-773897,JRF20180902-065125-044058
400153180,2018:09:02:06:51:25:730,SELL,808701,0.071857,JRF20180902-065125-773897,JRF20180902-065125-800582
400153181,2018:09:02:06:51:25:793,BUY,808727,0.7,JRF20180902-065125-200692,JRF20180902-063514-008465
400153182,2018:09:02:06:51:26:058,SELL,808705,0.2,JRF20180902-065125-697537,JRF20180902-065125-016771
400153183,2018:09:02:06:51:26:121,SELL,808705,0.05,JRF20180902-065125-697537,JRF20180902-065125-453305
400153184,2018:09:02:06:51:26:137,SELL,808705,0.22,JRF20180902-065125-697537,JRF20180902-065125-788305
400153185,2018:09:02:06:51:26:449,SELL,808710,0.01,JRF20180902-065107-088274,JRF20180902-065126-800586
400153186,2018:09:02:06:51:26:449,SELL,808707,0.1,JRF20180902-065126-151518,JRF20180902-065126-800586
400153187,2018:09:02:06:51:26:449,SELL,808705,0.33,JRF20180902-065125-697537,JRF20180902-065126-800586
400153188,2018:09:02:06:51:26:449,SELL,808705,0.18,JRF20180902-065125-966930,JRF20180902-065126-800586
400153189,2018:09:02:06:51:26:449,SELL,808704,0.02,JRF20180902-065126-697540,JRF20180902-065126-800586
400153190,2018:09:02:06:51:26:449,SELL,808703,0.02,JRF20180902-065125-050379,JRF20180902-065126-800586
400153191,2018:09:02:06:51:26:449,SELL,808702,0.05,JRF20180902-065125-111675,JRF20180902-065126-800586
400153192,2018:09:02:06:51:26:449,SELL,808701,0.118143,JRF20180902-065125-773897,JRF20180902-065126-800586
400153193,2018:09:02:06:51:26:449,SELL,808701,0.04,JRF20180902-065126-800585,JRF20180902-065126-800586
400153194,2018:09:02:06:51:26:449,SELL,808701,0.01,JRF20180902-065126-540969,JRF20180902-065126-800586
400153195,2018:09:02:06:51:26:449,SELL,808700,0.121857,JRF20180902-065124-200682,JRF20180902-065126-800586
400153196,2018:09:02:06:51:26:480,SELL,808700,0.01,JRF20180902-065124-200682,JRF20180902-065125-092209
400153197,2018:09:02:06:51:26:605,BUY,808712,0.01,JRF20180902-065107-088334,JRF20180902-065125-092261
400153198,2018:09:02:06:51:26:683,SELL,808700,0.0778961,JRF20180902-065124-200682,JRF20180902-065126-540970
400153199,2018:09:02:06:51:26:746,BUY,808717,0.05,JRF20180902-065126-200697,JRF20180902-065126-453310
400153200,2018:09:02:06:51:26:777,BUY,808717,0.2,JRF20180902-065126-151520,JRF20180902-065126-453310
400153201,2018:09:02:06:51:26:793,BUY,808717,0.03,JRF20180902-065126-773900,JRF20180902-065126-453310
400153202,2018:09:02:06:51:26:808,BUY,808724,0.01,JRF20180902-065126-773900,JRF20180902-065126-361615
400153203,2018:09:02:06:51:26:871,BUY,808724,0.01,JRF20180902-065126-361618,JRF20180902-065126-361615
400153204,2018:09:02:06:51:26:871,BUY,808725,0.01,JRF20180902-065126-361618,JRF20180902-065126-050385
400153205,2018:09:02:06:51:26:871,BUY,808726,0.2,JRF20180902-065126-361618,JRF20180902-065126-016776
400153206,2018:09:02:06:51:26:871,BUY,808727,0.294,JRF20180902-065126-361618,JRF20180902-063514-008465
400153207,2018:09:02:06:51:26:871,BUY,808729,0.01,JRF20180902-065126-361618,JRF20180902-065113-090243
400153208,2018:09:02:06:51:26:871,BUY,808731,0.5,JRF20180902-065126-361618,JRF20180902-063514-447721
400153209,2018:09:02:06:51:26:871,BUY,808731,0.021,JRF20180902-065126-361618,JRF20180902-065104-087484
400153210,2018:09:02:06:51:26:871,BUY,808733,0.01,JRF20180902-065126-361618,JRF20180902-065043-084179
400153211,2018:09:02:06:51:26:871,BUY,808735,0.015,JRF20180902-065126-361618,JRF20180902-065037-227605
400153212,2018:09:02:06:51:26:871,BUY,808737,0.01,JRF20180902-065126-361618,JRF20180902-065117-090639
400153213,2018:09:02:06:51:26:871,BUY,808738,0.01,JRF20180902-065126-361618,JRF20180902-065029-912243
400153214,2018:09:02:06:51:26:871,BUY,808739,0.02,JRF20180902-065126-361618,JRF20180902-063432-107209
400153215,2018:09:02:06:51:26:871,BUY,808740,0.02,JRF20180902-065126-361618,JRF20180902-063433-389870
400153216,2018:09:02:06:51:26:871,BUY,808742,0.034,JRF20180902-065126-361618,JRF20180902-064909-062852
400153217,2018:09:02:06:51:26:871,BUY,808743,0.01,JRF20180902-065126-361618,JRF20180902-065120-200652
400153218,2018:09:02:06:51:26:871,BUY,808743,0.01,JRF20180902-065126-361618,JRF20180902-065125-092384
400153219,2018:09:02:06:51:26:871,BUY,808744,0.023,JRF20180902-065126-361618,JRF20180902-064859-059705
400153220,2018:09:02:06:51:26:871,BUY,808749,0.1,JRF20180902-065126-361618,JRF20180902-064918-015775
400153221,2018:09:02:06:51:26:871,BUY,808749,0.693,JRF20180902-065126-361618,JRF20180902-064932-452717
400153222,2018:09:02:06:51:26:949,SELL,808700,0.678,JRF20180902-065124-200682,JRF20180902-065126-453313
400153223,2018:09:02:06:51:27:012,BUY,808749,0.2,JRF20180902-065126-966933,JRF20180902-064932-452717
400153224,2018:09:02:06:51:27:121,BUY,808749,0.02,JRF20180902-065126-016777,JRF20180902-064932-452717
400153225,2018:09:02:06:51:27:324,SELL,808710,0.1,JRF20180902-065127-200700,JRF20180902-065127-453317
400153226,2018:09:02:06:51:27:324,SELL,808703,0.02,JRF20180902-065127-016778,JRF20180902-065127-453317
400153227,2018:09:02:06:51:27:324,SELL,808700,0.558,JRF20180902-065124-200682,JRF20180902-065127-453317
400153228,2018:09:02:06:51:27:340,SELL,808700,0.04,JRF20180902-065124-200682,JRF20180902-065127-966937
400153229,2018:09:02:06:51:27:387,SELL,808700,0.2,JRF20180902-065124-200682,JRF20180902-065126-227800
400153230,2018:09:02:06:51:27:418,BUY,808749,0.04,JRF20180902-065126-912482,JRF20180902-064932-452717
400153231,2018:09:02:06:51:27:699,BUY,808725,0.01,JRF20180902-065127-050390,JRF20180902-065107-088288
400153232,2018:09:02:06:51:27:699,BUY,808746,0.02,JRF20180902-065127-050390,JRF20180902-065127-773901
400153233,2018:09:02:06:51:27:699,BUY,808749,0.547,JRF20180902-065127-050390,JRF20180902-064932-452717
400153234,2018:09:02:06:51:27:699,BUY,808750,0.223,JRF20180902-065127-050390,JRF20180902-064504-451318
400153235,2018:09:02:06:51:27:730,SELL,808710,0.0686833,JRF20180902-065126-083671,JRF20180902-065127-050391
400153236,2018:09:02:06:51:27:777,SELL,808710,0.0113167,JRF20180902-065126-083671,JRF20180902-065127-453318
400153237,2018:09:02:06:51:27:793,BUY,808706,1.4886833,JRF20180902-065127-361622,JRF20180902-065127-453318
400153238,2018:09:02:06:51:27:793,BUY,808750,0.277,JRF20180902-065127-361622,JRF20180902-064504-451318
400153239,2018:09:02:06:51:27:793,BUY,808750,0.05,JRF20180902-065127-361622,JRF20180902-064932-697166
400153240,2018:09:02:06:51:27:793,BUY,808750,0.1,JRF20180902-065127-361622,JRF20180902-065043-200460
400153241,2018:09:02:06:51:27:793,BUY,808753,0.01,JRF20180902-065127-361622,JRF20180902-065126-092680
400153242,2018:09:02:06:51:27:793,BUY,808755,0.048,JRF20180902-065127-361622,JRF20180902-064823-053153
400153243,2018:09:02:06:51:27:793,BUY,808756,0.0263167,JRF20180902-065127-361622,JRF20180902-065113-361569
400153244,2018:09:02:06:51:27:887,BUY,808745,0.01,JRF20180902-065126-083673,JRF20180902-065107-088347
400153245,2018:09:02:06:51:27:887,BUY,808756,0.0036833,JRF20180902-065126-083673,JRF20180902-065113-361569
400153246,2018:09:02:06:51:27:887,BUY,808759,0.05,JRF20180902-065126-083673,JRF20180902-065030-081743
400153247,2018:09:02:06:51:27:887,BUY,808760,0.01,JRF20180902-065126-083673,JRF20180902-065111-227742
400153248,2018:09:02:06:51:27:887,BUY,808762,0.01,JRF20180902-065126-083673,JRF20180902-065125-453303
400153249,2018:09:02:06:51:27:887,BUY,808764,0.038,JRF20180902-065126-083673,JRF20180902-065105-087688
400153250,2018:09:02:06:51:27:887,BUY,808768,0.01,JRF20180902-065126-083673,JRF20180902-065112-453237
400153251,2018:09:02:06:51:27:887,BUY,808768,0.2,JRF20180902-065126-083673,JRF20180902-065121-016732
400153252,2018:09:02:06:51:27:887,BUY,808770,0.01,JRF20180902-065126-083673,JRF20180902-065119-788277
400153253,2018:09:02:06:51:27:887,BUY,808770,0.00203306,JRF20180902-065126-083673,JRF20180902-065123-394762
400153254,2018:09:02:06:51:27:965,SELL,808705,0.08,JRF20180902-065126-394773,JRF20180902-065127-083674
400153255,2018:09:02:06:51:27:965,SELL,808700,0.12,JRF20180902-065124-200682,JRF20180902-065127-083674
400153256,2018:09:02:06:51:27:996,BUY,808724,0.01,JRF20180902-065107-088398,JRF20180902-065127-540971
400153257,2018:09:02:06:51:28:105,BUY,808742,0.01,JRF20180902-065127-016785,JRF20180902-065127-872643
400153258,2018:09:02:06:51:28:105,BUY,808770,0.00796694,JRF20180902-065127-016785,JRF20180902-065123-394762
400153259,2018:09:02:06:51:28:105,BUY,808770,0.01,JRF20180902-065127-016785,JRF20180902-065124-773894
400153260,2018:09:02:06:51:28:105,BUY,808771,0.012,JRF20180902-065127-016785,JRF20180902-065024-080885
400153261,2018:09:02:06:51:28:105,BUY,808771,0.06003306,JRF20180902-065127-016785,JRF20180902-065119-515229
400153262,2018:09:02:06:51:28:121,SELL,808706,0.01,JRF20180902-065117-090641,JRF20180902-065127-453321
400153263,2018:09:02:06:51:28:121,SELL,808701,0.01,JRF20180902-065127-200704,JRF20180902-065127-453321
400153264,2018:09:02:06:51:28:121,SELL,808700,0.03,JRF20180902-065124-200682,JRF20180902-065127-453321
400153265,2018:09:02:06:51:28:152,BUY,808771,0.01,JRF20180902-065127-361623,JRF20180902-065119-515229
400153266,2018:09:02:06:51:28:246,BUY,808771,0.00996694,JRF20180902-065128-453324,JRF20180902-065119-515229
400153267,2018:09:02:06:51:28:246,BUY,808771,0.01,JRF20180902-065128-453324,JRF20180902-065122-091107
400153268,2018:09:02:06:51:28:246,BUY,808777,0.08003306,JRF20180902-065128-453324,JRF20180902-063642-146264
400153269,2018:09:02:06:51:28:277,BUY,808777,0.01996694,JRF20180902-065127-912485,JRF20180902-063642-146264
400153270,2018:09:02:06:51:28:277,BUY,808777,0.011,JRF20180902-065127-912485,JRF20180902-065058-086715
400153271,2018:09:02:06:51:28:277,BUY,808779,0.01,JRF20180902-065127-912485,JRF20180902-063435-039422
400153272,2018:09:02:06:51:28:277,BUY,808779,0.01903306,JRF20180902-065127-912485,JRF20180902-065101-406802
400153273,2018:09:02:06:51:28:324,SELL,808746,0.01,JRF20180902-065128-773903,JRF20180902-065128-966940
400153274,2018:09:02:06:51:28:340,BUY,808710,0.1,JRF20180902-065128-453326,JRF20180902-065128-966940
400153275,2018:09:02:06:51:28:465,BUY,808710,0.08,JRF20180902-065128-697551,JRF20180902-065128-966940
400153276,2018:09:02:06:51:28:527,BUY,808710,0.01,JRF20180902-065127-044070,JRF20180902-065128-966940
400153277,2018:09:02:06:51:28:574,BUY,808710,0.02,JRF20180902-065127-406939,JRF20180902-065128-966940
400153278,2018:09:02:06:51:28:621,BUY,808710,0.01,JRF20180902-065128-540972,JRF20180902-065128-966940
400153279,2018:09:02:06:51:28:699,SELL,808709,0.05,JRF20180902-065128-016788,JRF20180902-065128-361627
400153280,2018:09:02:06:51:28:699,SELL,808709,0.0244482,JRF20180902-065128-800593,JRF20180902-065128-361627
400153281,2018:09:02:06:51:28:730,BUY,808710,0.08,JRF20180902-065128-200708,JRF20180902-065128-966940
400153282,2018:09:02:06:51:28:793,BUY,808710,0.038,JRF20180902-065105-087696,JRF20180902-065128-966940
400153283,2018:09:02:06:51:28:808,BUY,808710,0.02,JRF20180902-065108-089201,JRF20180902-065128-966940
400153284,2018:09:02:06:51:28:808,BUY,808710,0.01,JRF20180902-065107-088486,JRF20180902-065128-966940
400153285,2018:09:02:06:51:28:887,BUY,808710,0.2,JRF20180902-065128-361628,JRF20180902-065128-966940
400153286,2018:09:02:06:51:28:918,BUY,808710,0.02,JRF20180902-065128-050393,JRF20180902-065128-966940
400153287,2018:09:02:06:51:28:980,BUY,808710,0.402,JRF20180902-065128-361629,JRF20180902-065128-966940
400153288,2018:09:02:06:51:28:980,BUY,808758,0.2,JRF20180902-065128-361629,JRF20180902-065128-361625
400153289,2018:09:02:06:51:28:980,BUY,808765,0.01,JRF20180902-065128-361629,JRF20180902-065107-088404
400153290,2018:09:02:06:51:28:980,BUY,808779,0.03096694,JRF20180902-065128-361629,JRF20180902-065101-406802
400153291,2018:09:02:06:51:28:980,BUY,808783,0.021,JRF20180902-065128-361629,JRF20180902-064949-073881
400153292,2018:09:02:06:51:28:980,BUY,808784,0.01,JRF20180902-065128-361629,JRF20180902-065128-453322
400153293,2018:09:02:06:51:28:980,BUY,808785,0.056,JRF20180902-065128-361629,JRF20180902-064757-045777
400153294,2018:09:02:06:51:28:980,BUY,808785,0.2,JRF20180902-065128-361629,JRF20180902-065119-016720
400153295,2018:09:02:06:51:28:980,BUY,808787,0.01,JRF20180902-065128-361629,JRF20180902-064945-073015
400153296,2018:09:02:06:51:28:980,BUY,808789,0.0109,JRF20180902-065128-361629,JRF20180902-065045-084352
400153297,2018:09:02:06:51:28:980,BUY,808789,0.01,JRF20180902-065128-361629,JRF20180902-065126-800587
400153298,2018:09:02:06:51:28:980,BUY,808790,0.03913306,JRF20180902-065128-361629,JRF20180902-065004-050000
400153299,2018:09:02:06:51:29:058,BUY,808777,0.1,JRF20180902-065128-453329,JRF20180902-065128-453327
400153300,2018:09:02:06:51:29:308,BUY,808710,0.0244482,JRF20180902-065128-016794,JRF20180902-065128-800595
400153301,2018:09:02:06:51:29:308,BUY,808710,0.05,JRF20180902-065128-016794,JRF20180902-065129-200709
400153302,2018:09:02:06:51:29:308,BUY,808748,0.0255518,JRF20180902-065128-016794,JRF20180902-065128-044071
400153303,2018:09:02:06:51:29:418,BUY,808748,0.4744482,JRF20180902-065129-453331,JRF20180902-065128-044071
400153304,2018:09:02:06:51:29:418,BUY,808766,0.01,JRF20180902-065129-453331,JRF20180902-065129-016795
400153305,2018:09:02:06:51:29:418,BUY,808769,0.05,JRF20180902-065129-453331,JRF20180902-065128-083680
400153306,2018:09:02:06:51:29:418,BUY,808769,0.05,JRF20180902-065129-453331,JRF20180902-065128-788316
400153307,2018:09:02:06:51:29:418,BUY,808777,0.4155518,JRF20180902-065129-453331,JRF20180902-065128-453327
400153308,2018:09:02:06:51:29:543,BUY,808777,0.03,JRF20180902-065129-773909,JRF20180902-065128-453327
400153309,2018:09:02:06:51:29:668,SELL,808748,0.05,JRF20180902-065128-083681,JRF20180902-065129-800598
400153310,2018:09:02:06:51:29:668,SELL,808717,0.0545471,JRF20180902-065129-151533,JRF20180902-065129-800598
400153311,2018:09:02:06:51:29:855,BUY,808747,0.01101919,JRF20180902-065129-200712,JRF20180902-065129-800599
400153312,2018:09:02:06:51:29:918,BUY,808770,0.08,JRF20180902-065129-697563,JRF20180902-065129-697560
400153313,2018:09:02:06:51:29:918,BUY,808777,0.02,JRF20180902-065129-697563,JRF20180902-065128-453327
400153314,2018:09:02:06:51:29:980,SELL,808755,0.05,JRF20180902-065129-200712,JRF20180902-065129-200715
400153315,2018:09:02:06:51:30:246,SELL,808755,0.01,JRF20180902-065129-200712,JRF20180902-065130-697566
400153316,2018:09:02:06:51:30:371,BUY,808763,0.01,JRF20180902-065107-088546,JRF20180902-065129-016803
400153317,2018:09:02:06:51:30:418,BUY,808763,0.01,JRF20180902-065129-406945,JRF20180902-065129-016803
400153318,2018:09:02:06:51:30:449,BUY,808763,0.06,JRF20180902-065030-081816,JRF20180902-065129-016803
400153319,2018:09:02:06:51:30:449,BUY,808765,0.0636,JRF20180902-065030-081816,JRF20180902-065129-540974
400153320,2018:09:02:06:51:30:449,BUY,808771,0.0318,JRF20180902-065030-081816,JRF20180902-065129-151535
400153321,2018:09:02:06:51:30:465,BUY,808774,0.02,JRF20180902-065030-081816,JRF20180902-065129-540975
400153322,2018:09:02:06:51:30:465,BUY,808777,0.2344482,JRF20180902-065030-081816,JRF20180902-065128-453327
400153323,2018:09:02:06:51:30:465,BUY,808782,0.3,JRF20180902-065030-081816,JRF20180902-065129-151532
400153324,2018:09:02:06:51:30:465,BUY,808784,0.01,JRF20180902-065030-081816,JRF20180902-065129-697559
400153325,2018:09:02:06:51:30:465,BUY,808785,0.01,JRF20180902-065030-081816,JRF20180902-065107-088497
400153326,2018:09:02:06:51:30:465,BUY,808789,0.01,JRF20180902-065030-081816,JRF20180902-065130-453337
400153327,2018:09:02:06:51:30:465,BUY,808790,1.5601518,JRF20180902-065030-081816,JRF20180902-065004-050000
400153329,2018:09:02:06:51:30:605,SELL,808755,0.22898081,JRF20180902-065129-200712,JRF20180902-065130-453341
400153330,2018:09:02:06:51:30:605,SELL,808755,0.07101919,JRF20180902-065129-151536,JRF20180902-065130-453341
400153331,2018:09:02:06:51:30:683,SELL,808755,0.0931381,JRF20180902-065129-151536,JRF20180902-065130-361634
400153332,2018:09:02:06:51:30:699,SELL,808755,0.01,JRF20180902-065129-151536,JRF20180902-065129-515278
400153333,2018:09:02:06:51:30:777,BUY,808760,0.01305,JRF20180902-065129-640239,JRF20180902-065130-453340
400153334,2018:09:02:06:51:30:871,BUY,808760,0.00695,JRF20180902-065130-200722,JRF20180902-065130-453340
400153335,2018:09:02:06:51:30:918,SELL,808763,0.03096694,JRF20180902-065130-200722,JRF20180902-065130-394782
400153336,2018:09:02:06:51:30:996,SELL,808763,0.5305876,JRF20180902-065130-200722,JRF20180902-065130-800610
400153337,2018:09:02:06:51:30:996,SELL,808758,0.02,JRF20180902-065130-016808,JRF20180902-065130-800610
400153338,2018:09:02:06:51:30:996,SELL,808757,0.05,JRF20180902-065130-788320,JRF20180902-065130-800610
400153339,2018:09:02:06:51:30:996,SELL,808757,0.05,JRF20180902-065130-788321,JRF20180902-065130-800610
400153340,2018:09:02:06:51:30:996,SELL,808757,0.26,JRF20180902-065130-697570,JRF20180902-065130-800610
400153341,2018:09:02:06:51:30:996,SELL,808755,0.0894124,JRF20180902-065129-151536,JRF20180902-065130-800610
400153342,2018:09:02:06:51:31:058,BUY,808787,0.01,JRF20180902-065130-092940,JRF20180902-065130-540981
400153343,2018:09:02:06:51:31:105,SELL,808755,0.03643031,JRF20180902-065129-151536,JRF20180902-065130-515283
400153344,2018:09:02:06:51:31:105,SELL,808755,0.01,JRF20180902-065130-800605,JRF20180902-065130-515283
400153345,2018:09:02:06:51:31:105,SELL,808755,0.08,JRF20180902-065130-083690,JRF20180902-065130-515283
400153346,2018:09:02:06:51:31:105,SELL,808755,0.08,JRF20180902-065130-640241,JRF20180902-065130-515283
400153347,2018:09:02:06:51:31:105,SELL,808755,0.4,JRF20180902-065130-044078,JRF20180902-065130-515283
400153348,2018:09:02:06:51:31:105,SELL,808755,0.08,JRF20180902-065130-912499,JRF20180902-065130-515283
400153349,2018:09:02:06:51:31:105,BUY,808754,0.01,JRF20180902-065130-872656,JRF20180902-065130-515283
400153350,2018:09:02:06:51:31:121,BUY,808754,0.30356969,JRF20180902-065130-111693,JRF20180902-065130-515283
400153351,2018:09:02:06:51:31:121,BUY,808787,0.09,JRF20180902-065130-111693,JRF20180902-065130-540981
400153352,2018:09:02:06:51:31:121,BUY,808789,0.01,JRF20180902-065130-111693,JRF20180902-065129-788317
400153353,2018:09:02:06:51:31:121,BUY,808790,0.04643031,JRF20180902-065130-111693,JRF20180902-065004-050000
400153354,2018:09:02:06:51:31:465,BUY,808786,0.03791694,JRF20180902-065130-912503,JRF20180902-065131-016812
400153355,2018:09:02:06:51:31:465,BUY,808786,0.1,JRF20180902-065130-912503,JRF20180902-065131-800612
400153356,2018:09:02:06:51:31:465,BUY,808790,0.06208306,JRF20180902-065130-912503,JRF20180902-065004-050000
400153357,2018:09:02:06:51:31:527,BUY,808784,0.01,JRF20180902-065131-361637,JRF20180902-065131-540985
400153584,2018:09:02:06:51:38:558,SELL,808712,1.7,JRF20180902-065138-361665,JRF20180902-065138-966980
400153585,2018:09:02:06:51:38:621,SELL,808651,0.01,JRF20180902-065138-640290,JRF20180902-065138-200760
400153586,2018:09:02:06:51:38:621,SELL,808645,0.04,JRF20180902-065138-016867,JRF20180902-065138-200760
400153587,2018:09:02:06:51:38:652,BUY,808696,0.3,JRF20180902-065138-200761,JRF20180902-065138-541022
400153588,2018:09:02:06:51:38:652,BUY,808699,0.2,JRF20180902-065138-200761,JRF20180902-065138-016868
400153589,2018:09:02:06:51:38:699,SELL,808645,0.1,JRF20180902-065138-016867,JRF20180902-065138-453396
400153590,2018:09:02:06:51:38:792,SELL,808645,0.06,JRF20180902-065138-016867,JRF20180902-065138-800651
400153591,2018:09:02:06:51:38:792,SELL,808644,0.0289322,JRF20180902-065137-151576,JRF20180902-065138-800651
400153592,2018:09:02:06:51:38:933,BUY,808699,0.01,JRF20180902-065138-640291,JRF20180902-065138-016868
400153593,2018:09:02:06:51:38:995,BUY,808699,0.09,JRF20180902-065138-050432,JRF20180902-065138-016868
400153594,2018:09:02:06:51:38:995,BUY,808700,0.01,JRF20180902-065138-050432,JRF20180902-065138-966980
400153595,2018:09:02:06:51:39:011,SELL,808674,0.01,JRF20180902-065138-541024,JRF20180902-065138-044122
400153596,2018:09:02:06:51:39:058,SELL,808674,0.05,JRF20180902-065138-541024,JRF20180902-065138-872682
400153597,2018:09:02:06:51:39:152,SELL,808674,0.01,JRF20180902-065138-541024,JRF20180902-065138-093861
400153598,2018:09:02:06:51:39:167,SELL,808674,0.1,JRF20180902-065138-541024,JRF20180902-065139-453401
400153599,2018:09:02:06:51:39:214,BUY,808688,0.01,JRF20180902-065138-394822,JRF20180902-065139-800653
400153600,2018:09:02:06:51:39:245,BUY,808683,0.2,JRF20180902-065138-788365,JRF20180902-065139-800654
400153601,2018:09:02:06:51:39:386,BUY,808683,0.05,JRF20180902-065138-640294,JRF20180902-065139-800654
400153602,2018:09:02:06:51:39:417,BUY,808683,0.05,JRF20180902-065139-697603,JRF20180902-065139-800654
400153603,2018:09:02:06:51:39:495,BUY,808688,0.01,JRF20180902-065138-394826,JRF20180902-065139-800653
400153604,2018:09:02:06:51:39:605,BUY,808688,0.01,JRF20180902-065138-111738,JRF20180902-065139-800653
400153605,2018:09:02:06:51:39:636,BUY,808688,0.01,JRF20180902-065138-094148,JRF20180902-065139-800653
400153606,2018:09:02:06:51:39:917,SELL,808684,0.03,JRF20180902-065139-697603,JRF20180902-065139-050435
400153607,2018:09:02:06:51:39:980,SELL,808684,0.0773003,JRF20180902-065139-697603,JRF20180902-065139-800657
400153608,2018:09:02:06:51:40:011,SELL,808684,0.0105,JRF20180902-065139-697603,JRF20180902-065139-515323
400153609,2018:09:02:06:51:40:042,SELL,808684,0.7421997,JRF20180902-065139-697603,JRF20180902-065139-966983
400153610,2018:09:02:06:51:40:042,SELL,808680,0.02,JRF20180902-065139-800656,JRF20180902-065139-966983
400153611,2018:09:02:06:51:40:042,SELL,808679,0.27,JRF20180902-065139-050434,JRF20180902-065139-966983
400153612,2018:09:02:06:51:40:042,SELL,808677,0.02,JRF20180902-065139-200765,JRF20180902-065139-966983
400153613,2018:09:02:06:51:40:042,SELL,808674,0.83,JRF20180902-065138-541024,JRF20180902-065139-966983
400153614,2018:09:02:06:51:40:042,SELL,808646,0.1178003,JRF20180902-065139-016876,JRF20180902-065139-966983
400153615,2018:09:02:06:51:40:058,SELL,808646,0.0821997,JRF20180902-065139-016876,JRF20180902-065139-640300
400153616,2018:09:02:06:51:40:058,SELL,808645,0.4667003,JRF20180902-065138-083735,JRF20180902-065139-640300
400153617,2018:09:02:06:51:40:230,SELL,808645,0.5097997,JRF20180902-065138-083735,JRF20180902-065139-800660
400153618,2018:09:02:06:51:40:230,SELL,808644,0.0710678,JRF20180902-065137-151576,JRF20180902-065139-800660
400153619,2018:09:02:06:51:40:230,SELL,808634,0.01,JRF20180902-065137-515314,JRF20180902-065139-800660
400153620,2018:09:02:06:51:40:230,SELL,808633,0.0091325,JRF20180902-065138-872680,JRF20180902-065139-800660
400153622,2018:09:02:06:51:40:324,BUY,808678,0.01,JRF20180902-065140-453410,JRF20180902-065140-050438
400153623,2018:09:02:06:51:40:339,BUY,808678,0.09,JRF20180902-065140-016882,JRF20180902-065140-050438
400153624,2018:09:02:06:51:40:339,BUY,808685,0.02,JRF20180902-065140-016882,JRF20180902-065140-541031
400153625,2018:09:02:06:51:40:370,BUY,808686,0.01,JRF20180902-065139-227856,JRF20180902-065139-200770
400153626,2018:09:02:06:51:40:386,SELL,808685,0.09,JRF20180902-065140-016882,JRF20180902-065139-872689
400153627,2018:09:02:06:51:40:386,SELL,808659,0.01,JRF20180902-065139-111745,JRF20180902-065139-872689
400153628,2018:09:02:06:51:40:386,SELL,808633,0.0408675,JRF20180902-065138-872680,JRF20180902-065139-872689
400153629,2018:09:02:06:51:40:386,SELL,808621,0.3,JRF20180902-065138-966981,JRF20180902-065139-872689
400153630,2018:09:02:06:51:40:386,SELL,808621,0.0378325,JRF20180902-065138-800652,JRF20180902-065139-872689
400153631,2018:09:02:06:51:40:480,BUY,808686,0.01,JRF20180902-065139-406991,JRF20180902-065139-200770
400153632,2018:09:02:06:51:40:558,SELL,808646,0.01,JRF20180902-065139-406989,JRF20180902-065139-912543
400153633,2018:09:02:06:51:40:558,SELL,808621,0.01,JRF20180902-065138-800652,JRF20180902-065139-912543
400153634,2018:09:02:06:51:40:683,SELL,808658,0.01,JRF20180902-065140-083740,JRF20180902-065138-093966
400153635,2018:09:02:06:51:40:777,SELL,808621,0.06932286,JRF20180902-065138-800652,JRF20180902-065140-050440
